2950 3825
1029 149 1197 230 Cuvr
1219 179 1312 229 111.
1382 179 1461 229 De
1484 180 1720 229 Evnxrmss
2353 177 2419 227 55

483 315 544 358 Ex
575 316 734 358 Arsenii
756 314 872 358 Viol.
903 314 1044 371 p.179
1079 314 1346 370 proverbium
1375 312 1562 370 “δελφῖνα
1593 312 1731 371 λεκάνη
1765 312 1809 358 οὔ
1838 313 1988 369 χωρεῒ”
2015 317 2176 372 recepit
2207 314 2417 366 dubitans,

336 398 385 434 ut
414 392 488 444 ait,
528 392 772 449 Wagnerus
803 390 998 433 fr.1062.
1058 388 1183 432 Haud
1213 388 1384 434 difficile
1414 397 1476 434 est
1509 391 1660 435 tollere
1699 391 1807 434 hanc
1843 388 2145 434 dubitationem
2175 389 2244 433 vel
2263 391 2416 451 ,potius

338 480 519 509 errorem
558 466 798 509 ridiculum:
838 465 1031 506 nimirum
1070 471 1230 522 spectat
1259 464 1471 522 Euripidis
1502 468 1657 510 mentio
1689 479 1855 509 versum
1888 480 2012 522 quem
2043 467 2180 509 statim
2212 466 2415 508 Arsenius

336 539 513 592 subicit‚.
531 539 629 595 δεῦρ’
648 538 754 584 ἔλθ’·
786 539 820 589 ἐς
848 529 906 587 οὖς
934 533 1006 591 γᾶρ
1035 534 1119 590 τούς
1148 536 1281 594 λόγους
1308 539 1420 583 εἰπεῖν
1447 539 1557 585 θέλω
1586 541 1704 593 (Eur.
1719 541 1806 584 lon.
1826 543 1967 594 1521).

478 615 590 659 ldem
614 613 815 658 Amnius
835 612 985 668 p.716,
1007 615 1057 657 15
1080 612 1146 658 ed.
1159 613 1354 658 Leutsch.
1384 614 1489 658 haec
1518 613 1663 658 habet:
1696 614 1808 668 φύσει
1835 610 1907 670 γάρ
1937 610 2080 668 ἐχθρὸν
2110 610 2155 657 τὰ
2187 615 2321 656 δοῦλον
2342 613 2416 664 τοῖς

335 685 547 742 δεσπόταις.
576 684 796 742 Εὐριπίδου.
846 685 934 743 Qui
964 686 1185 731 crediderit
1207 689 1401 741 Arsenio,
1430 687 1539 731 sacili
1570 702 1701 745 opera
1731 691 1886 746 poterit
1915 690 2145 732 trimetrum
2174 691 2414 731 restituere:

891 757 935 805 τὸ
964 763 1096 808 δοῦλον
1126 758 1269 818 ἔχθρόν
1298 748 1371 819 γᾶρ
1403 759 1516 816 φύσει
1543 764 1619 815 τοᾷ
1648 764 1863 817 δεσπόταις,

331 841 375 885 id
407 839 524 898 quod
553 838 684 879 suasit
707 836 944 894 Wagnerus
975 836 1098 882 vota
1120 853 1160 895 p.
1177 838 1270 882 190.
1323 836 1406 881 Alii
1427 836 1605 882 sortasse
1626 839 1861 897 praeferent
1882 837 2001 897 quod
2017 837 2246 882 Dobraeus
2268 836 2373 881 Λᾶν.
2388 841 2413 879 2

332 917 468 973 p.125
500 913 734 969 proposuit,
868 908 980 965 φύσει
1005 907 1079 968 γᾶρ
1108 907 1254 968 ἐχθρὸν
1280 913 1379 956 τοῖσι
1409 910 1611 965 δεσπόταις
1640 910 1712 968 ἔφυ
1747 913 1836 968 (vel
1866 908 1943 971 ἀεὶ)

600 1037 604 1042 ‚
866 982 909 1029 τὸ
939 987 1083 1030 δοῦλον.
1276 990 1282 1001 ’

331 1064 491 1107 Interea
524 1059 663 1103 obstat
693 1061 755 1102 his
787 1060 1006 1104 conatibus
1038 1062 1324 1119 Hermogenes
1354 1062 1491 1105 Rhett.
1523 1062 1647 1105 vol.3
1671 1064 1821 1119 p.119.
1883 1063 1994 1104 Hinc
2025 1064 2209 1104 conicias
2237 1062 2415 1103 Hermo-

331 1138 447 1196 genis
476 1135 615 1178 verbis
646 1149 893 1179 usumffesse
922 1137 1144 1180 arsenium
1175 1134 1300 1179 etde
1329 1143 1507 1180 auctore
1546 1151 1720 1180 errasse.
1779 1136 1864 1180 Sed
1901 1137 1984 1180 alia
2023 1136 2146 1179 datur
2182 1137 2291 1179 ratio
2330 1150 2415 1192 qua

309 1213 567 1271 ¹appositum
597 1211 696 1254 huic
724 1213 955 1255 sententiae
982 1209 1195 1268 Euripidis
1225 1225 1378 1255 nomen
1416 1212 1685 1269 explicemus.
1739 1211 1992 1255 Theodorus
2022 1214 2129 1255 enim
2151 1209 2413 1254 Prodromus

331 1286 536 1344 dialogum
568 1288 804 1343 composuit
831 1288 902 1329 cui
932 1285 1173 1330 inscribitur
1202 1284 1292 1337 βίων
1321 1287 1460 1340 πρᾶσις
1488 1289 1692 1342 ποιητικῶν
1720 1283 1784 1329 καὶ
1813 1288 2029 1337 πολιτυιῶν,
2060 1285 2217 1330 editum
2247 1288 2290 1330 in
2318 1288 2411 1329 No·

329 1364 430 1405 tices
453 1371 496 1404 et
519 1363 648 1404 Extr.
671 1361 755 1404 vol.
769 1360 885 1412 vm,
904 1364 928 1403 2
950 1376 989 1417 p.
1006 1362 1246 1412 129—150,
1278 1359 1352 1404 ubi
1383 1362 1492 1405 inter
1520 1361 1623 1406 alias
1648 1376 1852 1419 personas
1872 1360 2085 1419 prodeunt
2106 1360 2410 1418 Aristophanes

330 1444 370 1480 et
404 1435 638 1494 Euripides.
704 1438 844 1493 Atque
883 1434 1074 1494 Euripidi
1111 1434 1353 1479 tribuuntur
1388 1437 1571 1492 primum¹
1604 1451 1753 1480 versus
1790 1435 1982 1480 nonnulli
2022 1450 2070 1479 ex
2114 1434 2410 1493 superstitibus

328 1511 549 1569 tragoediis
579 1513 710 1567 petiti,
740 1509 895 1554 deinde
924 1510 1053 1554 verba
1085 1511 1153 1555 illa
1183 1510 1295 1567 φύσει
1318 1508 1390 1568 γιὶρ
1415 1509 1559 1567 ἐχθρὸν
1587 1512 1666 1555 nri.
1716 1512 1843 1555 Hunc
1862 1513 1986 1568 igitur
2006 1518 2221 1554 auctorem
2242 1517 2409 1555 secutus

326 1587 490 1629 videtur
527 1588 748 1637 Arsenius‚
792 1600 870 1628 nos
914 1586 1196 1642 spernendum
1239 1587 1493 1638 iudicamus3
1539 1588 1789 1630 assentietur
1825 1585 1951 1630 nobis
1995 1589 2239 1643 quicunque
2273 1587 2409 1642 ipsum

329 1661 536 1718 dialogum
557 1659 713 1716 legerit.
762 1659 959 1703 Ceterum
982 1660 1126 1704 eadem
1148 1661 1218 1705 illa
1238 1663 1515 1718 Hermogenis
1534 1660 1664 1705 verba
1685 1662 1854 1718 respicit
1875 1660 2129 1704 Theodorus
2148 1659 2409 1705 Prodromus

328 1735 524 1792 ἀποδήμου
553 1733 684 1787 φιλίας
714 1749 839 1777 versu
860 1736 959 1785 207,
988 1738 1097 1778 sicut
1126 1736 1394 1780 Marcellinus
1423 1736 1565 1780 Rhett.
1595 1735 1718 1780 vol.4
1740 1752 1781 1793 p.
1796 1734 1894 1779 334.

474 1809 721 1866 Apostolius
738 1812 777 1860 8,
795 1811 849 1854 75
879 1808 1032 1865 p.452,
1055 1812 1082 1852 3
1123 1810 1227 1854 haec
1263 1810 1405 1854 ollert:
1440 1805 1496 1852 Ἢ
1527 1812 1671 1864 φρονεῖν
1701 1807 1861 1854 ἔλασσον
1889 1803 1916 1865 ἢ
1945 1806 2133 1855 δύνασθαι
2171 1811 2237 1853 δεῖ
2268 1810 2407 1865 μεῖζον.

327 1888 418 1928 Viri
447 1884 566 1928 docti
594 1892 768 1927 auctore
798 1885 992 1927 Porsono
1022 1883 1277 1929 arbitrantur
1305 1882 1548 1942 Euripidem
1579 1886 1796 1941 scripsisse

1373 1953 1400 2016 ἢ
1429 1961 1571 2015 φρονεῖν
1601 1956 1789 2004 ἐλάσσονα

904 2029 930 2091 ἢ
960 2031 1151 2079 δύνασθαι
1179 2037 1243 2078 δεῖ
1265 2052 1307 2077 σε
1337 2033 1485 2091 μείζον’,
1707 2091 1710 2093 ‚

326 2111 452 2168 idque
472 2112 513 2153 in
533 2109 809 2155 Cretensibus
831 2112 1029 2166 scriptum
1052 2109 1180 2153 tuisse
1206 2110 1440 2168 exploravit
1467 2112 1685 2154 restitutor
1716 2108 1885 2167 quidam
1918 2112 2057 2164 (cuius
2087 2108 2240 2153 librum
2271 2124 2406 2167 nuper

327 2186 474 2229 Philol.
493 2186 574 2228 vol.
589 2189 614 2228 8
637 2186 917 2242 p.562-565
941 2183 994 2228 ab
1015 2183 1230 2228 oblivione
1261 2183 1580 2239 vindicavimus)
1602 2184 1714 2228 vohi
1742 2200 1779 2242 p.
1800 2185 1895 2231 107.
1940 2186 1997 2228 At
2016 2183 2225 2240 Εὐριπίδου
2250 2198 2405 2228 nomen

328 2261 460 2303 allatis
490 2260 628 2301 verbis
659 2260 810 2301 subicit
842 2274 927 2301 non
948 2258 1207 2314 Apostoliu&
1238 2256 1312 2301 sed
1345 2258 1590 2302 Pantiniana
1613 2258 1824 2315 Apostolii
1857 2258 1999 2302 editio.
2059 2260 2156 2303 Hoc
2185 2258 2404 2303 didicimus

326 2351 351 2379 a
389 2337 616 2378 novissimo
654 2342 693 2377 et
730 2333 1044 2396 diligentissimo
1081 2332 1292 2389 Apostolii
1332 2332 1512 2386 editore,
1552 2333 1795 2377 Leutschio.
1862 2333 2016 2390 Neque
2054 2333 2151 2378 ullis
2189 2332 2405 2378 doctrinae

326 2410 520 2453 subsidiis
561 2409 805 2466 Apostolius
854 2410 1083 2451 instructus
1129 2408 1259 2451 fuisse
1304 2407 1471 2451 videtur
1515 2406 1671 2464 quibus
1720 2422 1800 2450 nos
1848 2423 2073 2451 careamus.
2150 2410 2246 2452 Hoc
2291 2408 2404 2460 loco,

324 2485 375 2528 id
417 2484 532 2543 quod
576 2487 714 2541 ipsum
752 2484 1018 2525 Leutschium
1067 2482 1191 2537 rugit,
1243 2497 1343 2525 usus
1388 2491 1451 2525 est
1492 2481 1704 2525 Plutarchi
1752 2498 1790 2538 q.
1819 2481 1858 2525 d.
1900 2482 2205 2540 Apophthegm.
2246 2483 2403 2526 Lacon.

325 2560 459 2617 p.2.32
476 2560 527 2601 E:
566 2556 657 2614 πρὸς
688 2556 880 2614 Θηβαίους
919 2556 1012 2612 περί
1041 2573 1144 2599 τινων
1181 2554 1432 2612 ἐπιλέγοντας
1471 2552 1521 2612 “ἦ
1557 2554 1729 2611 φρονεῖν»
1764 2555 1863 2600 εἷπον
1902 2553 1992 2599 «δεῖ
2025 2553 2185 2600 ἔλασσον
2224 2551 2250 2613 ἢ
2292 2555 2403 2601 δύναμ-

326 2639 424 2678 cem
453 2633 616 2692 μεῖζον”.
1804 2680 1806 2683 y

472 2708 723 2753 Philemonis
754 2708 850 2749 Lex.
886 2721 928 2765 p.
950 2707 1052 2747 261:
1093 2704 1350 2748 ἐπαλλάττειν
1384 2703 1446 2747 καὶ
1483 2703 1527 2747 τό
1562 2706 1776 2761 διατρίβειν.
1834 2706 2043 2762 Εὐριπίδης
2076 2705 2244 2763 ((αἶνοίγκη
2281 2713 2404 2764 πεινῆν

326 2781 390 2827 διὰ
417 2781 505 2834 βίον
532 2780 595 2827 καὶ
631 2770 858 2837 ἀθλιώτερον
888 2778 1172 2824 ἐπαλλάττειν»
1201 2775 1284 2836 ἤτοι
1320 2780 1533 2835 διατρίβειν.
1593 2783 1751 2824 Similia
1791 2797 1839 2823 ex
1880 2797 2097 2838 anonymo
2134 2787 2401 2839 grammatico

324 2857 481 2901 codicis
501 2857 629 2901 Paris.
651 2858 764 2903 2720
785 2855 954 2898 sol-208
984 2855 1159 2912 protulit
1180 2854 1406 2898 Cramerus
1427 2856 1581 2898 Auecd.
1603 2857 1733 2899 Paris.
1764 2857 1846 2898 vol.
1865 2859 1879 2898 1
1907 2872 1948 2912 p.
1961 2856 2058 2908 400,
2075 2858 2143 2899 26.
2203 2857 2401 2900 Certatim

323 2934 400 2976 viri
429 2931 713 2976 docti'eonati
742 2937 838 2973 sunt
867 2943 1014 2973 versus
1044 2943 1236 2986 pangere.
1299 2929 1516 2971 Matthiae:

930 3007 1050 3059 πεινῆν
1076 3002 1222 3060 ἀνάγκη
1254 3001 1320 3046 διδ.
1346 3002 1434 3054 βίου
1463 3035 1474 3046 .
1504 3036 1515 3048 .
1547 3037 1556 3048 .
1588 3037 1598 3047 .

930 3112 940 3123 .
972 3112 983 3123 .
1014 3076 1271 3122 ἐπαλλάττειν
1302 3075 1352 3121 ἔτ’
1380 3076 1623 3134 ἀθλιώτερον.

324 3158 519 3202 Belbina:
593 3152 706 3212 ἔμοιγ’
736 3152 875 3211 α’νοίγκη
909 3150 972 3195 διοί
1002 3152 1086 3205 βίου
1120 3155 1241 3209 πεινῆν
1273 3151 1344 3203 αἰεί,

587 3226 631 3271 τὸ
660 3228 693 3271 δ’
722 3225 769 3271 αὗ
794 3229 827 3285 γ’
852 3226 1106 3271 ἐπαλλάττειν
1139 3225 1187 3269 ἔτ’
1217 3226 1458 3283 denda-spo».
