<?xml version="1.0" encoding="UTF-8"?>
<!DOCTYPE html PUBLIC "-//W3C//DTD XHTML 1.0 Transitional//EN"
    "http://www.w3.org/TR/xhtml1/DTD/xhtml1-transitional.dtd">
<html xmlns="http://www.w3.org/1999/xhtml" xml:lang="en" lang="en">
 <head>
  <title>
</title>
<meta http-equiv="Content-Type" content="text/html;charset=utf-8" />
  <meta name='ocr-system' content='tesseract 3.04.00' />
  <meta name='ocr-capabilities' content='ocr_page ocr_carea ocr_par ocr_line ocrx_word'/>
</head>
<body>
  <div class='ocr_page' id='page_1' title='image "4775071_0063.png"; bbox 0 0 2950 3825; ppageno 0'>
   <div class='ocr_carea' id='block_1_1' title="bbox 443 161 1836 215">
    <p class='ocr_par' dir='ltr' id='par_1_1' title="bbox 443 161 1836 215">
     <span class='ocr_line' id='line_1_1' title="bbox 443 161 1836 215; baseline 0.001 -3"><span class='ocrx_word' id='word_1_1' title='bbox 443 162 506 212; x_wconf 73' lang='lat'><strong>54</strong></span> <span class='ocrx_word' id='word_1_2' title='bbox 1143 163 1313 215; x_wconf 66' lang='lat' dir='ltr'><strong>Cuvr</strong></span> <span class='ocrx_word' id='word_1_3' title='bbox 1336 162 1429 213; x_wconf 88' lang='lat' dir='ltr'><strong>m.</strong></span> <span class='ocrx_word' id='word_1_4' title='bbox 1496 161 1577 213; x_wconf 72' lang='lat' dir='ltr'><strong>Du</strong></span> <span class='ocrx_word' id='word_1_5' title='bbox 1599 163 1836 214; x_wconf 69' lang='lat' dir='ltr'><strong>Evsn’mss</strong></span> 
     </span>
    </p>
   </div>
   <div class='ocr_carea' id='block_1_2' title="bbox 432 296 2538 3203">
    <p class='ocr_par' dir='ltr' id='par_1_2' title="bbox 432 296 2538 3203">
     <span class='ocr_line' id='line_1_2' title="bbox 440 296 2537 358; baseline 0.002 -16"><span class='ocrx_word' id='word_1_6' title='bbox 440 297 677 355; x_wconf 75' lang='grc' dir='ltr'>μιλλύδριον,</span> <span class='ocrx_word' id='word_1_7' title='bbox 709 298 938 356; x_wconf 74' lang='grc' dir='ltr'>σκηνύδριον,</span> <span class='ocrx_word' id='word_1_8' title='bbox 968 298 1192 354; x_wconf 80' lang='grc' dir='ltr'>τειχύδριον,</span> <span class='ocrx_word' id='word_1_9' title='bbox 1223 296 1492 354; x_wconf 59' lang='grc' dir='ltr'>τραηιλιίδριον,</span> <span class='ocrx_word' id='word_1_10' title='bbox 1522 298 1615 343; x_wconf 74' lang='lat' dir='ltr'><strong>alia.</strong></span> <span class='ocrx_word' id='word_1_11' title='bbox 1677 301 1793 344; x_wconf 80' lang='lat' dir='ltr'><strong>xlv,</strong></span> <span class='ocrx_word' id='word_1_12' title='bbox 1826 300 2125 358; x_wconf 69' lang='lat' dir='ltr'><strong>Theoguostus</strong></span> <span class='ocrx_word' id='word_1_13' title='bbox 2154 314 2195 358; x_wconf 82' lang='lat' dir='ltr'><strong>p.</strong></span> <span class='ocrx_word' id='word_1_14' title='bbox 2209 302 2278 355; x_wconf 55' lang='grc'><em>991,-</em></span> <span class='ocrx_word' id='word_1_15' title='bbox 2292 305 2370 347; x_wconf 83' lang='lat'><strong>30:</strong></span> <span class='ocrx_word' id='word_1_16' title='bbox 2410 299 2459 347; x_wconf 70' lang='lat' dir='ltr'><strong>ni</strong></span> <span class='ocrx_word' id='word_1_17' title='bbox 2488 302 2537 356; x_wconf 76' lang='grc' dir='ltr'><strong>εἰς</strong></span> 
     </span>
     <span class='ocr_line' id='line_1_3' title="bbox 441 369 2534 439; baseline 0.002 -22"><span class='ocrx_word' id='word_1_18' title='bbox 441 379 515 417; x_wconf 77' lang='grc' dir='ltr'><strong>ΕΨ</strong></span> <span class='ocrx_word' id='word_1_19' title='bbox 553 372 718 432; x_wconf 82' lang='grc' dir='ltr'><em>λήγοντα</em></span> <span class='ocrx_word' id='word_1_20' title='bbox 758 372 868 418; x_wconf 69' lang='grc' dir='ltr'>ἁπλᾶ</span> <span class='ocrx_word' id='word_1_21' title='bbox 906 372 970 417; x_wconf 72' lang='grc' dir='ltr'><strong>οὐκ</strong></span> <span class='ocrx_word' id='word_1_22' title='bbox 1009 372 1107 417; x_wconf 82' lang='grc' dir='ltr'>ἔστιν</span> <span class='ocrx_word' id='word_1_23' title='bbox 1145 370 1258 429; x_wconf 71' lang='grc' dir='ltr'>εὑρεῖν</span> <span class='ocrx_word' id='word_1_24' title='bbox 1298 369 1400 431; x_wconf 71' lang='grc' dir='ltr'>πλὴν</span> <span class='ocrx_word' id='word_1_25' title='bbox 1430 369 1481 417; x_wconf 83' lang='grc' dir='ltr'><strong>.τό</strong></span> <span class='ocrx_word' id='word_1_26' title='bbox 1516 373 1629 430; x_wconf 72' lang='grc' dir='ltr'>φλέψ</span> <span class='ocrx_word' id='word_1_27' title='bbox 1664 374 1969 433; x_wconf 75' lang='grc' dir='ltr'>μονοσύλλαβον·</span> <span class='ocrx_word' id='word_1_28' title='bbox 2010 370 2061 420; x_wconf 64' lang='grc' dir='ltr'><strong>τὰ</strong></span> <span class='ocrx_word' id='word_1_29' title='bbox 2097 370 2169 431; x_wconf 63' lang='lat' dir='ltr'><strong>&gt;reip</strong></span> <span class='ocrx_word' id='word_1_30' title='bbox 2209 375 2534 439; x_wconf 72' lang='grc' dir='ltr'>ἐφευροκλέψ,</span> 
     </span>
     <span class='ocr_line' id='line_1_4' title="bbox 441 444 2538 508; baseline 0.002 -15"><span class='ocrx_word' id='word_1_31' title='bbox 441 450 655 502; x_wconf 79' lang='grc' dir='ltr'>νακοκλέψ,</span> <span class='ocrx_word' id='word_1_32' title='bbox 698 451 910 502; x_wconf 79' lang='grc' dir='ltr'>κατῶβλεψ</span> <span class='ocrx_word' id='word_1_33' title='bbox 942 448 1036 501; x_wconf 75' lang='grc' dir='ltr'>εἶδος</span> <span class='ocrx_word' id='word_1_34' title='bbox 1064 444 1227 505; x_wconf 81' lang='grc' dir='ltr'>θηρίου,</span> <span class='ocrx_word' id='word_1_35' title='bbox 1270 446 1437 494; x_wconf 80' lang='grc' dir='ltr'>σύνθετοί</span> <span class='ocrx_word' id='word_1_36' title='bbox 1463 449 1574 493; x_wconf 79' lang='grc' dir='ltr'>ἐστιν.</span> <span class='ocrx_word' id='word_1_37' title='bbox 1636 449 1899 508; x_wconf 89' lang='lat' dir='ltr'><strong>Corruptum</strong></span> <span class='ocrx_word' id='word_1_38' title='bbox 1931 466 2024 495; x_wconf 87' lang='lat' dir='ltr'><strong>esse</strong></span> <span class='ocrx_word' id='word_1_39' title='bbox 2053 449 2290 506; x_wconf 70' lang='grc' dir='ltr'>ἔφευροκλέψ</span> <span class='ocrx_word' id='word_1_40' title='bbox 2320 453 2424 497; x_wconf 83' lang='lat' dir='ltr'><strong>vidit</strong></span> <span class='ocrx_word' id='word_1_41' title='bbox 2453 455 2538 498; x_wconf 91' lang='lat' dir='ltr'><strong>Lo·</strong></span> 
     </span>
     <span class='ocr_line' id='line_1_5' title="bbox 440 514 2538 583; baseline 0.001 -15"><span class='ocrx_word' id='word_1_42' title='bbox 440 526 617 568; x_wconf 88' lang='lat' dir='ltr'><strong>beckius</strong></span> <span class='ocrx_word' id='word_1_43' title='bbox 641 525 772 567; x_wconf 84' lang='lat' dir='ltr'><strong>Parai.</strong></span> <span class='ocrx_word' id='word_1_44' title='bbox 794 526 948 581; x_wconf 80' lang='lat' dir='ltr'><strong>p.292,</strong></span> <span class='ocrx_word' id='word_1_45' title='bbox 981 525 1051 581; x_wconf 91' lang='lat' dir='ltr'><strong>qui</strong></span> <span class='ocrx_word' id='word_1_46' title='bbox 1082 521 1326 578; x_wconf 79' lang='grc' dir='ltr'>α’λευροκλέψ</span> <span class='ocrx_word' id='word_1_47' title='bbox 1355 526 1600 581; x_wconf 79' lang='lat' dir='ltr'><strong>proposuit:</strong></span> <span class='ocrx_word' id='word_1_48' title='bbox 1632 520 1729 567; x_wconf 79' lang='lat' dir='ltr'><strong>mihi</strong></span> <span class='ocrx_word' id='word_1_49' title='bbox 1760 524 2020 580; x_wconf 81' lang='grc' dir='ltr'>φαροκλέψ</span> <span class='ocrx_word' id='word_1_50' title='bbox 2049 514 2338 583; x_wconf 81' lang='lat' dir='ltr'><strong>corrigendum</strong></span> <span class='ocrx_word' id='word_1_51' title='bbox 2360 527 2538 571; x_wconf 86' lang='lat' dir='ltr'><strong>videtur.</strong></span> 
     </span>
     <span class='ocr_line' id='line_1_6' title="bbox 590 594 2535 658; baseline 0.003 -18"><span class='ocrx_word' id='word_1_52' title='bbox 590 599 732 642; x_wconf 88' lang='lat' dir='ltr'><strong>Schot.</strong></span> <span class='ocrx_word' id='word_1_53' title='bbox 749 600 848 642; x_wconf 89' lang='lat' dir='ltr'><strong>Eur.</strong></span> <span class='ocrx_word' id='word_1_54' title='bbox 864 600 964 641; x_wconf 88' lang='lat' dir='ltr'><strong>Tro.</strong></span> <span class='ocrx_word' id='word_1_55' title='bbox 979 598 1082 641; x_wconf 74' lang='lat'><strong>634:</strong></span> <span class='ocrx_word' id='word_1_56' title='bbox 1123 596 1210 650; x_wconf 82' lang='grc' dir='ltr'>ἔθος</span> <span class='ocrx_word' id='word_1_57' title='bbox 1240 594 1320 641; x_wconf 80' lang='grc' dir='ltr'>ἐστὶ</span> <span class='ocrx_word' id='word_1_58' title='bbox 1347 601 1401 655; x_wconf 77' lang='grc' dir='ltr'><strong>τῷ</strong></span> <span class='ocrx_word' id='word_1_59' title='bbox 1433 595 1618 657; x_wconf 77' lang='grc' dir='ltr'>Εὐριπίδῃ</span> <span class='ocrx_word' id='word_1_60' title='bbox 1646 600 1701 654; x_wconf 74' lang='grc' dir='ltr'><strong>τῷ</strong></span> <span class='ocrx_word' id='word_1_61' title='bbox 1729 597 1882 650; x_wconf 81' lang='grc' dir='ltr'>βλέπειν</span> <span class='ocrx_word' id='word_1_62' title='bbox 1919 603 2103 656; x_wconf 80' lang='grc' dir='ltr'>χρῆσθαι</span> <span class='ocrx_word' id='word_1_63' title='bbox 2140 596 2218 644; x_wconf 75' lang='grc' dir='ltr'>οἷντὶ</span> <span class='ocrx_word' id='word_1_64' title='bbox 2253 603 2322 644; x_wconf 74' lang='grc' dir='ltr'><strong>τοῦ</strong></span> <span class='ocrx_word' id='word_1_65' title='bbox 2359 604 2443 658; x_wconf 82' lang='grc' dir='ltr'>ζῆν,</span> <span class='ocrx_word' id='word_1_66' title='bbox 2489 601 2535 654; x_wconf 76' lang='grc' dir='ltr'><strong>ὦς</strong></span> 
     </span>
     <span class='ocr_line' id='line_1_7' title="bbox 440 669 1937 731; baseline 0 -15"><span class='ocrx_word' id='word_1_67' title='bbox 440 672 504 716; x_wconf 80' lang='grc' dir='ltr'><strong>καὶ</strong></span> <span class='ocrx_word' id='word_1_68' title='bbox 534 673 719 726; x_wconf 82' lang='grc' dir='ltr'>α’λλαχοῢ</span> <span class='ocrx_word' id='word_1_69' title='bbox 1011 669 1055 713; x_wconf 76' lang='grc' dir='ltr'><strong>τὸ</strong></span> <span class='ocrx_word' id='word_1_70' title='bbox 1085 671 1150 729; x_wconf 71' lang='grc' dir='ltr'><strong>μὲν</strong></span> <span class='ocrx_word' id='word_1_71' title='bbox 1180 671 1341 729; x_wconf 81' lang='grc' dir='ltr'>τέθνηκε</span> <span class='ocrx_word' id='word_1_72' title='bbox 1371 676 1494 731; x_wconf 67' lang='grc' dir='ltr'>σῶμα,</span> <span class='ocrx_word' id='word_1_73' title='bbox 1525 674 1636 716; x_wconf 83' lang='grc' dir='ltr'>τοῦτο</span> <span class='ocrx_word' id='word_1_74' title='bbox 1667 670 1701 714; x_wconf 77' lang='grc' dir='ltr'><strong>δ’</strong></span> <span class='ocrx_word' id='word_1_75' title='bbox 1720 670 1937 725; x_wconf 69' lang='grc' dir='ltr'>ἀναβλέπει.</span> 
     </span>
     <span class='ocr_line' id='line_1_8' title="bbox 440 743 2533 805; baseline 0.002 -16"><span class='ocrx_word' id='word_1_76' title='bbox 440 749 553 792; x_wconf 85' lang='lat' dir='ltr'><strong>Vide</strong></span> <span class='ocrx_word' id='word_1_77' title='bbox 570 763 622 791; x_wconf 87' lang='lat' dir='ltr'><strong>an</strong></span> <span class='ocrx_word' id='word_1_78' title='bbox 641 747 907 790; x_wconf 80' lang='lat' dir='ltr'><strong>scribendum</strong></span> <span class='ocrx_word' id='word_1_79' title='bbox 925 749 977 788; x_wconf 84' lang='lat' dir='ltr'><strong>sit</strong></span> <span class='ocrx_word' id='word_1_80' title='bbox 994 744 1038 789; x_wconf 78' lang='grc' dir='ltr'><strong>τὸ</strong></span> <span class='ocrx_word' id='word_1_81' title='bbox 1054 746 1118 804; x_wconf 69' lang='grc' dir='ltr'><strong>μὲν</strong></span> <span class='ocrx_word' id='word_1_82' title='bbox 1135 746 1292 804; x_wconf 79' lang='grc' dir='ltr'>τέθνηκε</span> <span class='ocrx_word' id='word_1_83' title='bbox 1309 745 1493 803; x_wconf 84' lang='grc' dir='ltr'>σώματος,</span> <span class='ocrx_word' id='word_1_84' title='bbox 1509 743 1552 790; x_wconf 82' lang='grc' dir='ltr'><em>τό</em></span> <span class='ocrx_word' id='word_1_85' title='bbox 1569 745 1602 790; x_wconf 76' lang='grc' dir='ltr'><strong>δ’</strong></span> <span class='ocrx_word' id='word_1_86' title='bbox 1614 744 1816 805; x_wconf 79' lang='grc' dir='ltr'>α’μβλέπει.</span> <span class='ocrx_word' id='word_1_87' title='bbox 1838 746 1923 791; x_wconf 80' lang='lat' dir='ltr'><strong>Vbi</strong></span> <span class='ocrx_word' id='word_1_88' title='bbox 1940 745 2131 805; x_wconf 73' lang='grc' dir='ltr'>οἷμβλέπει</span> <span class='ocrx_word' id='word_1_89' title='bbox 2145 749 2533 796; x_wconf 81' lang='lat' dir='ltr'><strong>suasitMeinekius.</strong></span> 
     </span>
     <span class='ocr_line' id='line_1_9' title="bbox 593 818 2307 881; baseline 0.002 -16"><span class='ocrx_word' id='word_1_90' title='bbox 593 824 716 867; x_wconf 91' lang='lat' dir='ltr'><strong>Stob.</strong></span> <span class='ocrx_word' id='word_1_91' title='bbox 732 822 818 865; x_wconf 86' lang='lat' dir='ltr'><strong>Ecl.</strong></span> <span class='ocrx_word' id='word_1_92' title='bbox 839 826 871 874; x_wconf 87' lang='lat'><strong>1,</strong></span> <span class='ocrx_word' id='word_1_93' title='bbox 890 826 928 875; x_wconf 91' lang='lat'><strong>2,</strong></span> <span class='ocrx_word' id='word_1_94' title='bbox 952 823 1001 869; x_wconf 83' lang='lat'><strong>17</strong></span> <span class='ocrx_word' id='word_1_95' title='bbox 1025 837 1066 880; x_wconf 89' lang='lat' dir='ltr'><strong>p.</strong></span> <span class='ocrx_word' id='word_1_96' title='bbox 1081 824 1136 865; x_wconf 72' lang='lat'><strong>36</strong></span> <span class='ocrx_word' id='word_1_97' title='bbox 1166 824 1255 865; x_wconf 87' lang='lat' dir='ltr'><strong>siue</strong></span> <span class='ocrx_word' id='word_1_98' title='bbox 1275 821 1430 865; x_wconf 88' lang='lat' dir='ltr'><strong>lemm.:</strong></span> <span class='ocrx_word' id='word_1_99' title='bbox 1461 824 1556 867; x_wconf 79' lang='grc' dir='ltr'>θεοῦ</span> <span class='ocrx_word' id='word_1_100' title='bbox 1583 818 1656 879; x_wconf 64' lang='grc' dir='ltr'><strong>γάρ</strong></span> <span class='ocrx_word' id='word_1_101' title='bbox 1689 818 1803 875; x_wconf 72' lang='grc' dir='ltr'>οὐδεὶς</span> <span class='ocrx_word' id='word_1_102' title='bbox 1833 818 1952 877; x_wconf 77' lang='grc' dir='ltr'>χωρὶς</span> <span class='ocrx_word' id='word_1_103' title='bbox 1981 820 2141 879; x_wconf 76' lang='grc' dir='ltr'>εὐτυχεῖ</span> <span class='ocrx_word' id='word_1_104' title='bbox 2163 827 2307 881; x_wconf 77' lang='grc' dir='ltr'><em>βροτῶν</em></span> 
     </span>
     <span class='ocr_line' id='line_1_10' title="bbox 1457 892 2388 957; baseline 0.006 -17"><span class='ocrx_word' id='word_1_105' title='bbox 1457 895 1534 940; x_wconf 73' lang='grc' dir='ltr'><strong>οὐδ’</strong></span> <span class='ocrx_word' id='word_1_106' title='bbox 1553 896 1601 950; x_wconf 86' lang='grc' dir='ltr'><strong>εἰς</strong></span> <span class='ocrx_word' id='word_1_107' title='bbox 1630 893 1675 941; x_wconf 76' lang='grc' dir='ltr'><strong>τὸ</strong></span> <span class='ocrx_word' id='word_1_108' title='bbox 1703 898 1802 954; x_wconf 77' lang='grc' dir='ltr'>μεῖον</span> <span class='ocrx_word' id='word_1_109' title='bbox 1832 892 1958 954; x_wconf 75' lang='grc' dir='ltr'>ἦλθε·</span> <span class='ocrx_word' id='word_1_110' title='bbox 1993 893 2059 950; x_wconf 62' lang='grc' dir='ltr'><strong>τας</strong></span> <span class='ocrx_word' id='word_1_111' title='bbox 2086 902 2235 954; x_wconf 74' lang='grc' dir='ltr'>θνητῶν</span> <span class='ocrx_word' id='word_1_112' title='bbox 2265 898 2299 945; x_wconf 81' lang='grc' dir='ltr'><strong>δ’</strong></span> <span class='ocrx_word' id='word_1_113' title='bbox 2319 895 2388 957; x_wconf 67' lang='grc' dir='ltr'><strong>ἐγώ</strong></span> 
     </span>
     <span class='ocr_line' id='line_1_11' title="bbox 1453 958 2277 1030; baseline 0.002 -16"><span class='ocrx_word' id='word_1_114' title='bbox 1453 958 1599 1027; x_wconf 50' lang='grc' dir='ltr'><strong>χαίρεινι</strong></span> <span class='ocrx_word' id='word_1_115' title='bbox 1628 970 1768 1015; x_wconf 85' lang='grc' dir='ltr'>κελεύω</span> <span class='ocrx_word' id='word_1_116' title='bbox 1797 975 1897 1017; x_wconf 77' lang='grc' dir='ltr'>θεῶν</span> <span class='ocrx_word' id='word_1_117' title='bbox 1924 965 2015 1027; x_wconf 79' lang='grc' dir='ltr'>οἵτερ</span> <span class='ocrx_word' id='word_1_118' title='bbox 2046 971 2277 1030; x_wconf 80' lang='grc' dir='ltr'>προθυμίας.</span> 
     </span>
     <span class='ocr_line' id='line_1_12' title="bbox 440 1045 2531 1108; baseline 0.001 -18"><span class='ocrx_word' id='word_1_119' title='bbox 440 1046 714 1104; x_wconf 81' lang='lat' dir='ltr'>Euripideum</span> <span class='ocrx_word' id='word_1_120' title='bbox 739 1061 834 1088; x_wconf 89' lang='lat' dir='ltr'><strong>esse</strong></span> <span class='ocrx_word' id='word_1_121' title='bbox 853 1047 967 1088; x_wconf 91' lang='lat' dir='ltr'><strong>hunc</strong></span> <span class='ocrx_word' id='word_1_122' title='bbox 987 1045 1129 1087; x_wconf 90' lang='lat' dir='ltr'><strong>locum</strong></span> <span class='ocrx_word' id='word_1_123' title='bbox 1155 1045 1282 1088; x_wconf 88' lang='lat' dir='ltr'><strong>docet</strong></span> <span class='ocrx_word' id='word_1_124' title='bbox 1304 1045 1473 1088; x_wconf 77' lang='lat' dir='ltr'><strong>Anthot.</strong></span> <span class='ocrx_word' id='word_1_125' title='bbox 1495 1046 1775 1099; x_wconf 77' lang='lat' dir='ltr'><strong>Pa1.10,1o7,</strong></span> <span class='ocrx_word' id='word_1_126' title='bbox 1807 1045 1878 1089; x_wconf 88' lang='lat' dir='ltr'><strong>ubi</strong></span> <span class='ocrx_word' id='word_1_127' title='bbox 1909 1050 2005 1089; x_wconf 55' lang='grc' dir='ltr'><strong>νεά</strong></span> <span class='ocrx_word' id='word_1_128' title='bbox 2044 1046 2218 1090; x_wconf 78' lang='lat' dir='ltr'><strong>ai&#39;i&#39;ertur</strong></span> <span class='ocrx_word' id='word_1_129' title='bbox 2247 1050 2309 1091; x_wconf 88' lang='lat' dir='ltr'><strong>sic</strong></span> <span class='ocrx_word' id='word_1_130' title='bbox 2337 1052 2531 1108; x_wconf 86' lang='lat' dir='ltr'><strong>scriptus:</strong></span> 
     </span>
     <span class='ocr_line' id='line_1_13' title="bbox 440 1117 2534 1179; baseline 0.001 -13"><span class='ocrx_word' id='word_1_131' title='bbox 440 1125 533 1167; x_wconf 77' lang='grc' dir='ltr'>θεοῦ</span> <span class='ocrx_word' id='word_1_132' title='bbox 564 1120 627 1178; x_wconf 69' lang='grc' dir='ltr'><strong>μὲν</strong></span> <span class='ocrx_word' id='word_1_133' title='bbox 660 1117 765 1171; x_wconf 70' lang='grc' dir='ltr'>ἐκτὸς</span> <span class='ocrx_word' id='word_1_134' title='bbox 797 1117 914 1171; x_wconf 75' lang='grc' dir='ltr'>οὐδεὶς</span> <span class='ocrx_word' id='word_1_135' title='bbox 942 1118 1101 1173; x_wconf 76' lang='grc' dir='ltr'>εὐτυχεῖ</span> <span class='ocrx_word' id='word_1_136' title='bbox 1125 1118 1275 1174; x_wconf 78' lang='grc' dir='ltr'>βροτός.</span> <span class='ocrx_word' id='word_1_137' title='bbox 1338 1120 1633 1177; x_wconf 76' lang='lat' dir='ltr'><strong>Anthoiogiam</strong></span> <span class='ocrx_word' id='word_1_138' title='bbox 1664 1124 1871 1177; x_wconf 86' lang='lat' dir='ltr'><strong>sequitur,</strong></span> <span class='ocrx_word' id='word_1_139' title='bbox 1913 1120 1987 1165; x_wconf 85' lang='lat' dir='ltr'><strong>sed</strong></span> <span class='ocrx_word' id='word_1_140' title='bbox 2020 1124 2170 1164; x_wconf 80' lang='lat' dir='ltr'><strong>omittit</strong></span> <span class='ocrx_word' id='word_1_141' title='bbox 2202 1130 2354 1179; x_wconf 83' lang='lat' dir='ltr'><strong>poetae</strong></span> <span class='ocrx_word' id='word_1_142' title='bbox 2383 1139 2534 1168; x_wconf 88' lang='lat' dir='ltr'><strong>nomen</strong></span> 
     </span>
     <span class='ocr_line' id='line_1_14' title="bbox 442 1194 2532 1254; baseline 0.002 -14"><span class='ocrx_word' id='word_1_143' title='bbox 442 1197 654 1241; x_wconf 82' lang='lat' dir='ltr'><strong>lohannes</strong></span> <span class='ocrx_word' id='word_1_144' title='bbox 686 1195 837 1253; x_wconf 84' lang='lat' dir='ltr'><strong>Lydus</strong></span> <span class='ocrx_word' id='word_1_145' title='bbox 869 1195 922 1238; x_wconf 90' lang='lat' dir='ltr'><strong>de</strong></span> <span class='ocrx_word' id='word_1_146' title='bbox 953 1209 1084 1238; x_wconf 88' lang='lat' dir='ltr'><strong>mens.</strong></span> <span class='ocrx_word' id='word_1_147' title='bbox 1104 1194 1183 1245; x_wconf 81' lang='lat'><strong>4,7</strong></span> <span class='ocrx_word' id='word_1_148' title='bbox 1206 1198 1327 1252; x_wconf 79' lang='lat' dir='ltr'><strong>p.55,</strong></span> <span class='ocrx_word' id='word_1_149' title='bbox 1346 1196 1385 1238; x_wconf 90' lang='lat'><strong>6.</strong></span> <span class='ocrx_word' id='word_1_150' title='bbox 1448 1194 1514 1238; x_wconf 84' lang='lat' dir='ltr'><strong>Ad</strong></span> <span class='ocrx_word' id='word_1_151' title='bbox 1546 1195 1719 1239; x_wconf 82' lang='lat' dir='ltr'><strong>Stobaei</strong></span> <span class='ocrx_word' id='word_1_152' title='bbox 1759 1195 1981 1240; x_wconf 85' lang='lat' dir='ltr'><strong>lectionem</strong></span> <span class='ocrx_word' id='word_1_153' title='bbox 2012 1199 2191 1254; x_wconf 81' lang='lat' dir='ltr'><strong>propius</strong></span> <span class='ocrx_word' id='word_1_154' title='bbox 2230 1197 2392 1241; x_wconf 87' lang='lat' dir='ltr'><strong>accedit</strong></span> <span class='ocrx_word' id='word_1_155' title='bbox 2422 1201 2532 1244; x_wconf 88' lang='lat' dir='ltr'><strong>Men.</strong></span> 
     </span>
     <span class='ocr_line' id='line_1_15' title="bbox 437 1264 2533 1329; baseline 0.001 -13"><span class='ocrx_word' id='word_1_156' title='bbox 437 1275 668 1316; x_wconf 86' lang='lat' dir='ltr'><strong>mou.250:</strong></span> <span class='ocrx_word' id='word_1_157' title='bbox 700 1273 796 1316; x_wconf 85' lang='grc' dir='ltr'>θεοῦ</span> <span class='ocrx_word' id='word_1_158' title='bbox 825 1267 897 1327; x_wconf 68' lang='grc' dir='ltr'><strong>γάρ</strong></span> <span class='ocrx_word' id='word_1_159' title='bbox 928 1267 1046 1325; x_wconf 76' lang='grc' dir='ltr'>χωρὶς</span> <span class='ocrx_word' id='word_1_160' title='bbox 1073 1264 1189 1322; x_wconf 71' lang='grc' dir='ltr'>οὐδεὶς</span> <span class='ocrx_word' id='word_1_161' title='bbox 1218 1268 1375 1324; x_wconf 78' lang='grc' dir='ltr'>εὐτυχεῖ</span> <span class='ocrx_word' id='word_1_162' title='bbox 1397 1273 1554 1326; x_wconf 76' lang='grc' dir='ltr'>βροτῶν.</span> <span class='ocrx_word' id='word_1_163' title='bbox 1615 1272 1755 1314; x_wconf 88' lang='lat' dir='ltr'><strong>Versu</strong></span> <span class='ocrx_word' id='word_1_164' title='bbox 1778 1275 1803 1314; x_wconf 89' lang='lat'>2</span> <span class='ocrx_word' id='word_1_165' title='bbox 1835 1273 1935 1328; x_wconf 83' lang='grc' dir='ltr'>μεῖον</span> <span class='ocrx_word' id='word_1_166' title='bbox 1964 1274 2149 1329; x_wconf 79' lang='lat' dir='ltr'><strong>ineptum</strong></span> <span class='ocrx_word' id='word_1_167' title='bbox 2181 1279 2263 1315; x_wconf 86' lang='lat' dir='ltr'><strong>est:</strong></span> <span class='ocrx_word' id='word_1_168' title='bbox 2295 1287 2389 1315; x_wconf 87' lang='lat' dir='ltr'><strong>nam</strong></span> <span class='ocrx_word' id='word_1_169' title='bbox 2420 1274 2533 1318; x_wconf 70' lang='lat' dir='ltr'><strong>bona</strong></span> 
     </span>
     <span class='ocr_line' id='line_1_16' title="bbox 438 1345 2533 1402; baseline 0 -11"><span class='ocrx_word' id='word_1_170' title='bbox 438 1347 520 1391; x_wconf 89' lang='lat' dir='ltr'><strong>diis</strong></span> <span class='ocrx_word' id='word_1_171' title='bbox 553 1346 782 1398; x_wconf 82' lang='lat' dir='ltr'>debentur,</span> <span class='ocrx_word' id='word_1_172' title='bbox 813 1345 1017 1389; x_wconf 83' lang='lat' dir='ltr'><strong>maiorum</strong></span> <span class='ocrx_word' id='word_1_173' title='bbox 1050 1360 1129 1388; x_wconf 88' lang='lat' dir='ltr'><strong>nos</strong></span> <span class='ocrx_word' id='word_1_174' title='bbox 1161 1347 1240 1402; x_wconf 89' lang='lat' dir='ltr'><strong>ipsi</strong></span> <span class='ocrx_word' id='word_1_175' title='bbox 1273 1353 1468 1390; x_wconf 77' lang='lat' dir='ltr'>auctores</span> <span class='ocrx_word' id='word_1_176' title='bbox 1498 1360 1656 1390; x_wconf 84' lang='lat' dir='ltr'><strong>sumus.</strong></span> <span class='ocrx_word' id='word_1_177' title='bbox 1701 1346 1833 1390; x_wconf 82' lang='lat' dir='ltr'><strong>Haec</strong></span> <span class='ocrx_word' id='word_1_178' title='bbox 1863 1353 1927 1390; x_wconf 88' lang='lat' dir='ltr'><strong>est</strong></span> <span class='ocrx_word' id='word_1_179' title='bbox 1957 1348 2190 1391; x_wconf 87' lang='lat' dir='ltr'><strong>communis</strong></span> <span class='ocrx_word' id='word_1_180' title='bbox 2221 1354 2407 1391; x_wconf 87' lang='lat' dir='ltr'><strong>veterum</strong></span> <span class='ocrx_word' id='word_1_181' title='bbox 2438 1364 2533 1392; x_wconf 89' lang='lat' dir='ltr'><strong>sen-</strong></span> 
     </span>
     <span class='ocr_line' id='line_1_17' title="bbox 438 1415 1671 1477; baseline -0.002 -10"><span class='ocrx_word' id='word_1_182' title='bbox 438 1427 582 1467; x_wconf 87' lang='lat' dir='ltr'><strong>tentia.</strong></span> <span class='ocrx_word' id='word_1_183' title='bbox 644 1420 922 1465; x_wconf 89' lang='lat' dir='ltr'><strong>Scribendum</strong></span> <span class='ocrx_word' id='word_1_184' title='bbox 955 1422 1081 1477; x_wconf 81' lang='lat' dir='ltr'><strong>igitur</strong></span> <span class='ocrx_word' id='word_1_185' title='bbox 1113 1418 1189 1464; x_wconf 76' lang='grc' dir='ltr'><strong>οὐδ’</strong></span> <span class='ocrx_word' id='word_1_186' title='bbox 1211 1419 1259 1472; x_wconf 87' lang='grc' dir='ltr'><strong>εἰς</strong></span> <span class='ocrx_word' id='word_1_187' title='bbox 1287 1417 1330 1462; x_wconf 83' lang='grc' dir='ltr'><strong>τὸ</strong></span> <span class='ocrx_word' id='word_1_188' title='bbox 1361 1438 1414 1477; x_wconf 87' lang='grc' dir='ltr'><strong>με</strong></span> <span class='ocrx_word' id='word_1_189' title='bbox 1425 1422 1470 1472; x_wconf 84' lang='grc' dir='ltr'><strong>ιζ</strong></span> <span class='ocrx_word' id='word_1_190' title='bbox 1480 1438 1526 1464; x_wconf 87' lang='grc' dir='ltr'><strong>ον</strong></span> <span class='ocrx_word' id='word_1_191' title='bbox 1543 1415 1671 1477; x_wconf 76' lang='grc' dir='ltr'>ἦλθε.</span> 
     </span>
     <span class='ocr_line' id='line_1_18' title="bbox 589 1489 2284 1553; baseline 0 -11"><span class='ocrx_word' id='word_1_192' title='bbox 589 1496 919 1549; x_wconf 80' lang='lat' dir='ltr'><strong>Stob.Flor..36,</strong></span> <span class='ocrx_word' id='word_1_193' title='bbox 940 1496 1011 1539; x_wconf 83' lang='lat'><strong>14:</strong></span> <span class='ocrx_word' id='word_1_194' title='bbox 1043 1492 1272 1551; x_wconf 71' lang='grc' dir='ltr'><strong>Μενάνδρου.</strong></span> <span class='ocrx_word' id='word_1_195' title='bbox 1458 1489 1532 1539; x_wconf 83' lang='lat' dir='ltr'><strong>ovr&#39;</strong></span> <span class='ocrx_word' id='word_1_196' title='bbox 1551 1496 1593 1539; x_wconf 75' lang='grc' dir='ltr'><strong>ἐκ</strong></span> <span class='ocrx_word' id='word_1_197' title='bbox 1625 1493 1738 1551; x_wconf 78' lang='grc' dir='ltr'>χερδς</span> <span class='ocrx_word' id='word_1_198' title='bbox 1766 1495 1931 1553; x_wconf 79' lang='grc' dir='ltr'><strong>μεθέντα</strong></span> <span class='ocrx_word' id='word_1_199' title='bbox 1962 1514 2139 1552; x_wconf 83' lang='grc' dir='ltr'>καρτερον</span> <span class='ocrx_word' id='word_1_200' title='bbox 2170 1496 2284 1542; x_wconf 79' lang='grc' dir='ltr'>λίθον</span> 
     </span>
     <span class='ocr_line' id='line_1_19' title="bbox 1451 1565 2340 1628; baseline 0.001 -14"><span class='ocrx_word' id='word_1_201' title='bbox 1451 1567 1541 1628; x_wconf 77' lang='grc' dir='ltr'><strong>ῥὶίον</strong></span> <span class='ocrx_word' id='word_1_202' title='bbox 1570 1587 1777 1625; x_wconf 86' lang='grc' dir='ltr'>κατασχειν</span> <span class='ocrx_word' id='word_1_203' title='bbox 1806 1565 1880 1615; x_wconf 75' lang='grc' dir='ltr'>οὔτ’</span> <span class='ocrx_word' id='word_1_204' title='bbox 1899 1567 1977 1614; x_wconf 72' lang='lat' dir='ltr'><strong>dno</strong></span> <span class='ocrx_word' id='word_1_205' title='bbox 2007 1570 2186 1628; x_wconf 76' lang='grc' dir='ltr'>γλώσσης</span> <span class='ocrx_word' id='word_1_206' title='bbox 2218 1569 2340 1628; x_wconf 80' lang='grc' dir='ltr'>λόγον.</span> 
     </span>
     <span class='ocr_line' id='line_1_20' title="bbox 439 1643 2531 1703; baseline -0.001 -11"><span class='ocrx_word' id='word_1_207' title='bbox 439 1651 541 1693; x_wconf 86' lang='lat' dir='ltr'><strong>Nou</strong></span> <span class='ocrx_word' id='word_1_208' title='bbox 563 1646 787 1691; x_wconf 80' lang='lat' dir='ltr'>Menandri</span> <span class='ocrx_word' id='word_1_209' title='bbox 818 1646 925 1688; x_wconf 91' lang='lat' dir='ltr'><strong>haec</strong></span> <span class='ocrx_word' id='word_1_210' title='bbox 955 1660 1061 1697; x_wconf 88' lang='lat' dir='ltr'><strong>esse,</strong></span> <span class='ocrx_word' id='word_1_211' title='bbox 1093 1645 1169 1688; x_wconf 91' lang='lat' dir='ltr'><strong>sed</strong></span> <span class='ocrx_word' id='word_1_212' title='bbox 1201 1647 1342 1703; x_wconf 76' lang='lat' dir='ltr'>tragici</span> <span class='ocrx_word' id='word_1_213' title='bbox 1374 1653 1538 1703; x_wconf 85' lang='lat' dir='ltr'><strong>poetae,</strong></span> <span class='ocrx_word' id='word_1_214' title='bbox 1570 1660 1594 1689; x_wconf 87' lang='lat' dir='ltr'><strong>e.</strong></span> <span class='ocrx_word' id='word_1_215' title='bbox 1625 1646 1757 1690; x_wconf 76' lang='lat' dir='ltr'><strong>forma</strong></span> <span class='ocrx_word' id='word_1_216' title='bbox 1778 1643 1890 1701; x_wconf 80' lang='grc' dir='ltr'>χερός</span> <span class='ocrx_word' id='word_1_217' title='bbox 1920 1646 2129 1689; x_wconf 80' lang='lat' dir='ltr'><strong>conclusit</strong></span> <span class='ocrx_word' id='word_1_218' title='bbox 2151 1646 2389 1690; x_wconf 84' lang='lat' dir='ltr'><strong>Meinekius</strong></span> <span class='ocrx_word' id='word_1_219' title='bbox 2410 1646 2531 1692; x_wconf 86' lang='lat' dir='ltr'><strong>Com.</strong></span> 
     </span>
     <span class='ocr_line' id='line_1_21' title="bbox 436 1720 2532 1781; baseline -0.001 -15"><span class='ocrx_word' id='word_1_220' title='bbox 436 1724 554 1768; x_wconf 77' lang='lat' dir='ltr'><strong>vol.4</strong></span> <span class='ocrx_word' id='word_1_221' title='bbox 579 1722 723 1781; x_wconf 85' lang='lat' dir='ltr'>p.X111</span> <span class='ocrx_word' id='word_1_222' title='bbox 740 1736 803 1778; x_wconf 86' lang='lat' dir='ltr'><strong>sq.</strong></span> <span class='ocrx_word' id='word_1_223' title='bbox 851 1720 991 1777; x_wconf 84' lang='lat' dir='ltr'><strong>Quam</strong></span> <span class='ocrx_word' id='word_1_224' title='bbox 1026 1723 1308 1764; x_wconf 90' lang='lat' dir='ltr'><strong>coniecturam</strong></span> <span class='ocrx_word' id='word_1_225' title='bbox 1341 1723 1602 1764; x_wconf 80' lang='lat' dir='ltr'><strong>verissimam</strong></span> <span class='ocrx_word' id='word_1_226' title='bbox 1624 1736 1851 1764; x_wconf 57' lang='lat' dir='ltr'><strong>essesnunc</strong></span> <span class='ocrx_word' id='word_1_227' title='bbox 1870 1720 1996 1764; x_wconf 91' lang='lat' dir='ltr'><strong>docet</strong></span> <span class='ocrx_word' id='word_1_228' title='bbox 2017 1722 2151 1765; x_wconf 83' lang='lat' dir='ltr'><strong>codex</strong></span> <span class='ocrx_word' id='word_1_229' title='bbox 2174 1722 2532 1774; x_wconf 69' lang='lat' dir='ltr'><strong>vindobonensis,</strong></span> 
     </span>
     <span class='ocr_line' id='line_1_22' title="bbox 436 1791 2531 1854; baseline -0.001 -13"><span class='ocrx_word' id='word_1_230' title='bbox 436 1798 511 1842; x_wconf 81' lang='lat' dir='ltr'><strong>ubi</strong></span> <span class='ocrx_word' id='word_1_231' title='bbox 543 1798 779 1854; x_wconf 81' lang='lat' dir='ltr'><strong>insequenti</strong></span> <span class='ocrx_word' id='word_1_232' title='bbox 813 1794 1027 1853; x_wconf 82' lang='lat' dir='ltr'><strong>Euripidis</strong></span> <span class='ocrx_word' id='word_1_233' title='bbox 1060 1795 1157 1839; x_wconf 83' lang='lat' dir='ltr'><strong>loco</strong></span> <span class='ocrx_word' id='word_1_234' title='bbox 1188 1809 1274 1839; x_wconf 88' lang='lat' dir='ltr'><strong>non</strong></span> <span class='ocrx_word' id='word_1_235' title='bbox 1305 1791 1525 1849; x_wconf 74' lang='grc' dir='ltr'>Εὔριπίὸου,</span> <span class='ocrx_word' id='word_1_236' title='bbox 1557 1795 1632 1839; x_wconf 89' lang='lat' dir='ltr'><strong>sed</strong></span> <span class='ocrx_word' id='word_1_237' title='bbox 1664 1797 1743 1838; x_wconf 80' lang='grc' dir='ltr'><strong>τοῦ</strong></span> <span class='ocrx_word' id='word_1_238' title='bbox 1771 1793 1915 1838; x_wconf 72' lang='grc' dir='ltr'>αὐτοῦ</span> <span class='ocrx_word' id='word_1_239' title='bbox 1943 1794 2112 1847; x_wconf 82' lang='grc' dir='ltr'>Δικτύος</span> <span class='ocrx_word' id='word_1_240' title='bbox 2143 1795 2395 1852; x_wconf 82' lang='lat' dir='ltr'><strong>praefigitur.</strong></span> <span class='ocrx_word' id='word_1_241' title='bbox 2444 1797 2531 1838; x_wconf 87' lang='lat' dir='ltr'><strong>Iam</strong></span> 
     </span>
     <span class='ocr_line' id='line_1_23' title="bbox 435 1868 2531 1932; baseline -0.002 -15"><span class='ocrx_word' id='word_1_242' title='bbox 435 1875 559 1932; x_wconf 80' lang='lat' dir='ltr'><strong>igitur</strong></span> <span class='ocrx_word' id='word_1_243' title='bbox 595 1877 712 1930; x_wconf 88' lang='lat' dir='ltr'><strong>patet</strong></span> <span class='ocrx_word' id='word_1_244' title='bbox 753 1870 831 1913; x_wconf 88' lang='lat' dir='ltr'><strong>hos</strong></span> <span class='ocrx_word' id='word_1_245' title='bbox 871 1883 1020 1913; x_wconf 85' lang='lat' dir='ltr'><strong>versus</strong></span> <span class='ocrx_word' id='word_1_246' title='bbox 1041 1868 1295 1927; x_wconf 88' lang='lat' dir='ltr'><strong>Euripideos</strong></span> <span class='ocrx_word' id='word_1_247' title='bbox 1327 1883 1432 1922; x_wconf 88' lang='lat' dir='ltr'><strong>esse,</strong></span> <span class='ocrx_word' id='word_1_248' title='bbox 1463 1868 1685 1915; x_wconf 79' lang='lat' dir='ltr'><strong>Menandri</strong></span> <span class='ocrx_word' id='word_1_249' title='bbox 1716 1869 1854 1914; x_wconf 83' lang='lat' dir='ltr'><strong>iocum</strong></span> <span class='ocrx_word' id='word_1_250' title='bbox 1885 1869 2101 1914; x_wconf 80' lang='lat' dir='ltr'><strong>excidisse.</strong></span> <span class='ocrx_word' id='word_1_251' title='bbox 2152 1871 2351 1914; x_wconf 76' lang='lat' dir='ltr'><strong>Ceterum</strong></span> <span class='ocrx_word' id='word_1_252' title='bbox 2381 1878 2531 1914; x_wconf 83' lang='lat' dir='ltr'><strong>notatu</strong></span> 
     </span>
     <span class='ocr_line' id='line_1_24' title="bbox 437 1941 2529 2006; baseline -0.001 -15"><span class='ocrx_word' id='word_1_253' title='bbox 437 1947 607 2006; x_wconf 86' lang='lat' dir='ltr'><strong>dignum</strong></span> <span class='ocrx_word' id='word_1_254' title='bbox 649 1953 712 1990; x_wconf 88' lang='lat' dir='ltr'><strong>est</strong></span> <span class='ocrx_word' id='word_1_255' title='bbox 748 1943 836 2004; x_wconf 75' lang='grc' dir='ltr'>ῥᾷον</span> <span class='ocrx_word' id='word_1_256' title='bbox 875 1943 1032 1988; x_wconf 88' lang='lat' dir='ltr'><strong>dictum</strong></span> <span class='ocrx_word' id='word_1_257' title='bbox 1073 1960 1152 2003; x_wconf 88' lang='lat' dir='ltr'><strong>pro</strong></span> <span class='ocrx_word' id='word_1_258' title='bbox 1188 1941 1335 2002; x_wconf 68' lang='grc' dir='ltr'>ῥᾴδιον,</span> <span class='ocrx_word' id='word_1_259' title='bbox 1375 1944 1429 1989; x_wconf 92' lang='lat' dir='ltr'><strong>de</strong></span> <span class='ocrx_word' id='word_1_260' title='bbox 1466 1960 1553 2002; x_wconf 93' lang='lat' dir='ltr'><strong>quo</strong></span> <span class='ocrx_word' id='word_1_261' title='bbox 1595 1944 1731 1989; x_wconf 86' lang='lat' dir='ltr'><strong>abusu</strong></span> <span class='ocrx_word' id='word_1_262' title='bbox 1762 1946 1812 1989; x_wconf 80' lang='lat' dir='ltr'><strong>cf.</strong></span> <span class='ocrx_word' id='word_1_263' title='bbox 1835 1945 2080 1989; x_wconf 81' lang='lat' dir='ltr'><strong>Lobeckius</strong></span> <span class='ocrx_word' id='word_1_264' title='bbox 2110 1947 2155 1988; x_wconf 87' lang='lat' dir='ltr'><strong>in</strong></span> <span class='ocrx_word' id='word_1_265' title='bbox 2189 1946 2341 2003; x_wconf 79' lang='lat' dir='ltr'><strong>Phryn.</strong></span> <span class='ocrx_word' id='word_1_266' title='bbox 2373 1962 2414 2003; x_wconf 88' lang='lat' dir='ltr'><strong>p.</strong></span> <span class='ocrx_word' id='word_1_267' title='bbox 2432 1945 2529 1989; x_wconf 84' lang='lat'><strong>403.</strong></span> 
     </span>
     <span class='ocr_line' id='line_1_25' title="bbox 436 2019 2530 2078; baseline -0.002 -10"><span class='ocrx_word' id='word_1_268' title='bbox 436 2024 540 2068; x_wconf 86' lang='lat' dir='ltr'><strong>Non</strong></span> <span class='ocrx_word' id='word_1_269' title='bbox 587 2021 769 2065; x_wconf 90' lang='lat' dir='ltr'><strong>debebat</strong></span> <span class='ocrx_word' id='word_1_270' title='bbox 814 2022 936 2077; x_wconf 77' lang='lat' dir='ltr'><strong>igitur</strong></span> <span class='ocrx_word' id='word_1_271' title='bbox 972 2019 1222 2077; x_wconf 84' lang='lat' dir='ltr'><strong>Spengelius</strong></span> <span class='ocrx_word' id='word_1_272' title='bbox 1267 2023 1308 2063; x_wconf 91' lang='lat' dir='ltr'><strong>in</strong></span> <span class='ocrx_word' id='word_1_273' title='bbox 1347 2021 1581 2063; x_wconf 87' lang='lat' dir='ltr'><strong>Rhetorum</strong></span> <span class='ocrx_word' id='word_1_274' title='bbox 1627 2019 1693 2063; x_wconf 84' lang='lat' dir='ltr'><strong>ed.</strong></span> <span class='ocrx_word' id='word_1_275' title='bbox 1729 2020 1893 2064; x_wconf 87' lang='lat' dir='ltr'><strong>Teubu.</strong></span> <span class='ocrx_word' id='word_1_276' title='bbox 1931 2021 2055 2064; x_wconf 86' lang='lat' dir='ltr'><strong>vol.2</strong></span> <span class='ocrx_word' id='word_1_277' title='bbox 2087 2036 2127 2078; x_wconf 88' lang='lat' dir='ltr'><strong>p.</strong></span> <span class='ocrx_word' id='word_1_278' title='bbox 2148 2024 2217 2074; x_wconf 79' lang='lat'><strong>35,</strong></span> <span class='ocrx_word' id='word_1_279' title='bbox 2252 2024 2297 2064; x_wconf 83' lang='lat'><strong>18</strong></span> <span class='ocrx_word' id='word_1_280' title='bbox 2340 2020 2530 2064; x_wconf 76' lang='lat' dir='ltr'><strong>traditam</strong></span> 
     </span>
     <span class='ocr_line' id='line_1_26' title="bbox 436 2094 2528 2153; baseline -0.001 -11"><span class='ocrx_word' id='word_1_281' title='bbox 436 2097 662 2142; x_wconf 90' lang='lat' dir='ltr'><strong>lectionem</strong></span> <span class='ocrx_word' id='word_1_282' title='bbox 695 2094 934 2139; x_wconf 80' lang='lat' dir='ltr'><strong>sollicitare.</strong></span> <span class='ocrx_word' id='word_1_283' title='bbox 995 2095 1104 2137; x_wconf 80' lang='lat' dir='ltr'><strong>vs.1</strong></span> <span class='ocrx_word' id='word_1_284' title='bbox 1141 2098 1321 2150; x_wconf 71' lang='grc' dir='ltr'>καρτερᾶς</span> <span class='ocrx_word' id='word_1_285' title='bbox 1352 2112 1436 2139; x_wconf 87' lang='lat' dir='ltr'><strong>non</strong></span> <span class='ocrx_word' id='word_1_286' title='bbox 1469 2105 1584 2139; x_wconf 86' lang='lat' dir='ltr'><strong>recte</strong></span> <span class='ocrx_word' id='word_1_287' title='bbox 1613 2100 1745 2138; x_wconf 82' lang='lat' dir='ltr'><strong>suasit</strong></span> <span class='ocrx_word' id='word_1_288' title='bbox 1776 2095 1964 2139; x_wconf 86' lang='lat' dir='ltr'><strong>Cobetus</strong></span> <span class='ocrx_word' id='word_1_289' title='bbox 1997 2098 2204 2139; x_wconf 80' lang='lat' dir='ltr'><strong>Mnemos.</strong></span> <span class='ocrx_word' id='word_1_290' title='bbox 2235 2096 2353 2140; x_wconf 72' lang='lat' dir='ltr'><strong>voth</strong></span> <span class='ocrx_word' id='word_1_291' title='bbox 2377 2097 2528 2153; x_wconf 78' lang='lat' dir='ltr'><strong>p-237.</strong></span> 
     </span>
     <span class='ocr_line' id='line_1_27' title="bbox 586 2164 2528 2227; baseline -0.001 -12"><span class='ocrx_word' id='word_1_292' title='bbox 586 2170 741 2215; x_wconf 80' lang='lat' dir='ltr'><strong>Suidas</strong></span> <span class='ocrx_word' id='word_1_293' title='bbox 772 2186 810 2215; x_wconf 81' lang='lat' dir='ltr'><strong>v,</strong></span> <span class='ocrx_word' id='word_1_294' title='bbox 832 2169 1068 2226; x_wconf 74' lang='grc' dir='ltr'>παλαιγενέςε</span> <span class='ocrx_word' id='word_1_295' title='bbox 1100 2168 1182 2223; x_wconf 78' lang='grc' dir='ltr'><strong>τούς</strong></span> <span class='ocrx_word' id='word_1_296' title='bbox 1212 2168 1285 2227; x_wconf 80' lang='grc' dir='ltr'>γοῖρ</span> <span class='ocrx_word' id='word_1_297' title='bbox 1315 2169 1464 2227; x_wconf 71' lang='grc' dir='ltr'>εὐήθεις</span> <span class='ocrx_word' id='word_1_298' title='bbox 1492 2167 1674 2226; x_wconf 72' lang='grc' dir='ltr'>ἀρχαίους</span> <span class='ocrx_word' id='word_1_299' title='bbox 1705 2164 1768 2213; x_wconf 78' lang='grc' dir='ltr'><strong>καὶ</strong></span> <span class='ocrx_word' id='word_1_300' title='bbox 1799 2166 1984 2221; x_wconf 70' lang='grc' dir='ltr'>παλαιοῦς</span> <span class='ocrx_word' id='word_1_301' title='bbox 2015 2167 2152 2225; x_wconf 83' lang='grc' dir='ltr'>ἔλεγον.</span> <span class='ocrx_word' id='word_1_302' title='bbox 2183 2167 2261 2214; x_wconf 68' lang='grc' dir='ltr'>ἀντὶ</span> <span class='ocrx_word' id='word_1_303' title='bbox 2289 2174 2357 2214; x_wconf 74' lang='grc' dir='ltr'>τοῦ·</span> <span class='ocrx_word' id='word_1_304' title='bbox 2383 2169 2528 2227; x_wconf 78' lang='grc' dir='ltr'>οἰνόητε.</span> 
     </span>
     <span class='ocr_line' id='line_1_28' title="bbox 436 2238 2527 2302; baseline -0.002 -12"><span class='ocrx_word' id='word_1_305' title='bbox 436 2245 500 2290; x_wconf 76' lang='grc' dir='ltr'><strong>καὶ</strong></span> <span class='ocrx_word' id='word_1_306' title='bbox 530 2245 740 2302; x_wconf 77' lang='grc' dir='ltr'>Εὐριπίδης</span> <span class='ocrx_word' id='word_1_307' title='bbox 780 2243 964 2301; x_wconf 58' lang='grc' dir='ltr'>«ἀρχαῖον</span> <span class='ocrx_word' id='word_1_308' title='bbox 993 2243 1179 2302; x_wconf 74' lang='grc' dir='ltr'>εἴρηκας”.</span> <span class='ocrx_word' id='word_1_309' title='bbox 1227 2238 1307 2287; x_wconf 75' lang='grc' dir='ltr'>α’ντὶ</span> <span class='ocrx_word' id='word_1_310' title='bbox 1345 2247 1411 2288; x_wconf 78' lang='grc' dir='ltr'><strong>τοῦ</strong></span> <span class='ocrx_word' id='word_1_311' title='bbox 1451 2238 1597 2301; x_wconf 73' lang='grc' dir='ltr'>εὔηθες.</span> <span class='ocrx_word' id='word_1_312' title='bbox 1641 2242 1904 2301; x_wconf 55' lang='grc' dir='ltr'>«εὐεργετῆσαι</span> <span class='ocrx_word' id='word_1_313' title='bbox 1939 2240 2010 2299; x_wconf 70' lang='grc' dir='ltr'><strong>γᾶρ</strong></span> <span class='ocrx_word' id='word_1_314' title='bbox 2041 2241 2085 2287; x_wconf 68' lang='grc' dir='ltr'><strong>τε)</strong></span> <span class='ocrx_word' id='word_1_315' title='bbox 2117 2244 2211 2301; x_wconf 79' lang='grc' dir='ltr'><strong>σῶμ’</strong></span> <span class='ocrx_word' id='word_1_316' title='bbox 2233 2243 2274 2288; x_wconf 72' lang='grc' dir='ltr'><strong>οὐ</strong></span> <span class='ocrx_word' id='word_1_317' title='bbox 2304 2244 2527 2301; x_wconf 73' lang='grc' dir='ltr'>βούλομαιῖ</span> 
     </span>
     <span class='ocr_line' id='line_1_29' title="bbox 435 2318 2526 2378; baseline -0.001 -14"><span class='ocrx_word' id='word_1_318' title='bbox 435 2320 761 2378; x_wconf 89' lang='lat' dir='ltr'><strong>Euripidearum</strong></span> <span class='ocrx_word' id='word_1_319' title='bbox 806 2319 1079 2377; x_wconf 82' lang='lat' dir='ltr'><strong>reliquiarum</strong></span> <span class='ocrx_word' id='word_1_320' title='bbox 1125 2318 1310 2363; x_wconf 83' lang='lat' dir='ltr'><strong>editores</strong></span> <span class='ocrx_word' id='word_1_321' title='bbox 1356 2319 1468 2363; x_wconf 88' lang='lat' dir='ltr'><strong>huuc</strong></span> <span class='ocrx_word' id='word_1_322' title='bbox 1509 2318 1651 2364; x_wconf 85' lang='lat' dir='ltr'><strong>locum</strong></span> <span class='ocrx_word' id='word_1_323' title='bbox 1699 2336 1792 2363; x_wconf 90' lang='lat' dir='ltr'><strong>cum</strong></span> <span class='ocrx_word' id='word_1_324' title='bbox 1837 2319 1928 2362; x_wconf 79' lang='lat' dir='ltr'><strong>aliis</strong></span> <span class='ocrx_word' id='word_1_325' title='bbox 1973 2320 2190 2377; x_wconf 87' lang='lat' dir='ltr'><strong>permultis</strong></span> <span class='ocrx_word' id='word_1_326' title='bbox 2239 2320 2526 2378; x_wconf 73' lang='lat' dir='ltr'><strong>neglexerunt3</strong></span> 
     </span>
     <span class='ocr_line' id='line_1_30' title="bbox 435 2392 2526 2454; baseline -0.001 -15"><span class='ocrx_word' id='word_1_327' title='bbox 435 2396 632 2454; x_wconf 85' lang='lat' dir='ltr'><strong>equidem</strong></span> <span class='ocrx_word' id='word_1_328' title='bbox 665 2396 733 2439; x_wconf 89' lang='lat' dir='ltr'><strong>hic</strong></span> <span class='ocrx_word' id='word_1_329' title='bbox 763 2394 883 2438; x_wconf 80' lang='lat' dir='ltr'><strong>attuii</strong></span> <span class='ocrx_word' id='word_1_330' title='bbox 917 2394 970 2438; x_wconf 91' lang='lat' dir='ltr'><strong>de</strong></span> <span class='ocrx_word' id='word_1_331' title='bbox 1001 2398 1193 2438; x_wconf 85' lang='lat' dir='ltr'><strong>extremis</strong></span> <span class='ocrx_word' id='word_1_332' title='bbox 1225 2394 1384 2447; x_wconf 86' lang='lat' dir='ltr'><strong>verbis,</strong></span> <span class='ocrx_word' id='word_1_333' title='bbox 1426 2393 1663 2451; x_wconf 78' lang='grc' dir='ltr'>εὐεργετῆσαι</span> <span class='ocrx_word' id='word_1_334' title='bbox 1692 2392 1763 2450; x_wconf 69' lang='grc' dir='ltr'><strong>γάρ</strong></span> <span class='ocrx_word' id='word_1_335' title='bbox 1793 2392 1837 2437; x_wconf 75' lang='grc' dir='ltr'><strong>τὸ</strong></span> <span class='ocrx_word' id='word_1_336' title='bbox 1868 2393 1965 2451; x_wconf 78' lang='grc' dir='ltr'><strong>σῶμ’</strong></span> <span class='ocrx_word' id='word_1_337' title='bbox 1985 2392 2028 2438; x_wconf 74' lang='grc' dir='ltr'><strong>οὐ</strong></span> <span class='ocrx_word' id='word_1_338' title='bbox 2055 2393 2262 2450; x_wconf 84' lang='grc' dir='ltr'>βούλομαι,</span> <span class='ocrx_word' id='word_1_339' title='bbox 2303 2394 2526 2437; x_wconf 86' lang='lat' dir='ltr'><strong>doctorum</strong></span> 
     </span>
     <span class='ocr_line' id='line_1_31' title="bbox 434 2468 2527 2527; baseline -0.002 -12"><span class='ocrx_word' id='word_1_340' title='bbox 434 2472 652 2517; x_wconf 87' lang='lat' dir='ltr'><strong>hominum</strong></span> <span class='ocrx_word' id='word_1_341' title='bbox 685 2472 914 2514; x_wconf 88' lang='lat' dir='ltr'><strong>sententias</strong></span> <span class='ocrx_word' id='word_1_342' title='bbox 940 2471 1240 2513; x_wconf 85' lang='lat' dir='ltr'><strong>sciscitaturus.</strong></span> <span class='ocrx_word' id='word_1_343' title='bbox 1331 2470 1414 2513; x_wconf 88' lang='lat' dir='ltr'><strong>Ista</strong></span> <span class='ocrx_word' id='word_1_344' title='bbox 1446 2468 1575 2512; x_wconf 79' lang='lat' dir='ltr'><strong>verba</strong></span> <span class='ocrx_word' id='word_1_345' title='bbox 1609 2485 1702 2512; x_wconf 89' lang='lat' dir='ltr'><strong>cum</strong></span> <span class='ocrx_word' id='word_1_346' title='bbox 1734 2472 1990 2527; x_wconf 76' lang='lat' dir='ltr'><strong>praegressis</strong></span> <span class='ocrx_word' id='word_1_347' title='bbox 2021 2485 2108 2512; x_wconf 89' lang='lat' dir='ltr'><strong>nou</strong></span> <span class='ocrx_word' id='word_1_348' title='bbox 2145 2470 2371 2513; x_wconf 85' lang='lat' dir='ltr'><strong>cohaerere</strong></span> <span class='ocrx_word' id='word_1_349' title='bbox 2401 2472 2527 2512; x_wconf 86' lang='lat' dir='ltr'><strong>mani-</strong></span> 
     </span>
     <span class='ocr_line' id='line_1_32' title="bbox 434 2543 1302 2602; baseline -0.003 -12"><span class='ocrx_word' id='word_1_350' title='bbox 434 2547 588 2590; x_wconf 79' lang='lat' dir='ltr'><strong>festum</strong></span> <span class='ocrx_word' id='word_1_351' title='bbox 620 2552 694 2597; x_wconf 87' lang='lat' dir='ltr'><strong>est,</strong></span> <span class='ocrx_word' id='word_1_352' title='bbox 725 2545 840 2588; x_wconf 87' lang='lat' dir='ltr'><strong>unde</strong></span> <span class='ocrx_word' id='word_1_353' title='bbox 870 2543 997 2588; x_wconf 87' lang='lat' dir='ltr'><strong>ducta</strong></span> <span class='ocrx_word' id='word_1_354' title='bbox 1029 2547 1111 2587; x_wconf 87' lang='lat' dir='ltr'><strong>sint</strong></span> <span class='ocrx_word' id='word_1_355' title='bbox 1141 2547 1302 2602; x_wconf 85' lang='lat' dir='ltr'><strong>ignoro.</strong></span> 
     </span>
     <span class='ocr_line' id='line_1_33' title="bbox 586 2619 2524 2678; baseline 0 -14"><span class='ocrx_word' id='word_1_356' title='bbox 586 2620 764 2677; x_wconf 82' lang='lat' dir='ltr'><strong>Aliquot</strong></span> <span class='ocrx_word' id='word_1_357' title='bbox 795 2619 915 2664; x_wconf 87' lang='lat' dir='ltr'><strong>locos</strong></span> <span class='ocrx_word' id='word_1_358' title='bbox 946 2636 1032 2664; x_wconf 86' lang='lat' dir='ltr'><strong>non</strong></span> <span class='ocrx_word' id='word_1_359' title='bbox 1065 2628 1177 2664; x_wconf 89' lang='lat' dir='ltr'><strong>recte</strong></span> <span class='ocrx_word' id='word_1_360' title='bbox 1208 2622 1317 2664; x_wconf 89' lang='lat' dir='ltr'><strong>inter</strong></span> <span class='ocrx_word' id='word_1_361' title='bbox 1345 2619 1574 2678; x_wconf 85' lang='lat' dir='ltr'><strong>Euripidea</strong></span> <span class='ocrx_word' id='word_1_362' title='bbox 1604 2620 1831 2678; x_wconf 74' lang='lat' dir='ltr'><strong>fragmenta</strong></span> <span class='ocrx_word' id='word_1_363' title='bbox 1862 2620 2019 2663; x_wconf 86' lang='lat' dir='ltr'><strong>relatos</strong></span> <span class='ocrx_word' id='word_1_364' title='bbox 2064 2619 2164 2662; x_wconf 88' lang='lat' dir='ltr'><strong>olim</strong></span> <span class='ocrx_word' id='word_1_365' title='bbox 2193 2619 2385 2664; x_wconf 87' lang='lat' dir='ltr'><strong>indicavi.</strong></span> <span class='ocrx_word' id='word_1_366' title='bbox 2440 2620 2524 2664; x_wconf 88' lang='lat' dir='ltr'><strong>Eo-</strong></span> 
     </span>
     <span class='ocr_line' id='line_1_34' title="bbox 437 2696 700 2740; baseline -0.008 0"><span class='ocrx_word' id='word_1_367' title='bbox 437 2696 529 2740; x_wconf 86' lang='lat' dir='ltr'><strong>dem</strong></span> <span class='ocrx_word' id='word_1_368' title='bbox 561 2696 700 2739; x_wconf 88' lang='lat' dir='ltr'><strong>rei&#39;ero</strong></span> 
     </span>
     <span class='ocr_line' id='line_1_35' title="bbox 586 2764 2524 2827; baseline -0.001 -12"><span class='ocrx_word' id='word_1_369' title='bbox 586 2769 1162 2827; x_wconf 75' lang='lat' dir='ltr'><strong>Anecd.13ekk.p.33s,14=</strong></span> <span class='ocrx_word' id='word_1_370' title='bbox 1194 2764 1330 2824; x_wconf 74' lang='grc' dir='ltr'>ἔγλαι·</span> <span class='ocrx_word' id='word_1_371' title='bbox 1362 2764 1478 2827; x_wconf 76' lang='grc' dir='ltr'>ἔμμα.</span> <span class='ocrx_word' id='word_1_372' title='bbox 1511 2769 1734 2825; x_wconf 71' lang='grc' dir='ltr'>Εὐριπίδης.</span> <span class='ocrx_word' id='word_1_373' title='bbox 1779 2772 1923 2813; x_wconf 89' lang='lat' dir='ltr'><strong>Locus</strong></span> <span class='ocrx_word' id='word_1_374' title='bbox 1944 2771 2164 2813; x_wconf 75' lang='lat' dir='ltr'><strong>manifesto</strong></span> <span class='ocrx_word' id='word_1_375' title='bbox 2197 2776 2419 2827; x_wconf 81' lang='lat' dir='ltr'><strong>corruptus</strong></span> <span class='ocrx_word' id='word_1_376' title='bbox 2450 2776 2524 2823; x_wconf 72' lang='lat' dir='ltr'><strong>eut,</strong></span> 
     </span>
     <span class='ocr_line' id='line_1_36' title="bbox 435 2837 2525 2902; baseline -0.001 -13"><span class='ocrx_word' id='word_1_377' title='bbox 435 2854 477 2889; x_wconf 86' lang='lat' dir='ltr'><strong>et</strong></span> <span class='ocrx_word' id='word_1_378' title='bbox 508 2848 643 2887; x_wconf 85' lang='lat' dir='ltr'><strong>varias</strong></span> <span class='ocrx_word' id='word_1_379' title='bbox 675 2845 861 2902; x_wconf 81' lang='lat' dir='ltr'><strong>prolatas</strong></span> <span class='ocrx_word' id='word_1_380' title='bbox 892 2846 1071 2888; x_wconf 87' lang='lat' dir='ltr'><strong>vidimus</strong></span> <span class='ocrx_word' id='word_1_381' title='bbox 1103 2849 1386 2896; x_wconf 85' lang='lat' dir='ltr'><strong>coniecturas,</strong></span> <span class='ocrx_word' id='word_1_382' title='bbox 1432 2844 1588 2901; x_wconf 88' lang='lat' dir='ltr'><strong>quibus</strong></span> <span class='ocrx_word' id='word_1_383' title='bbox 1626 2847 1768 2886; x_wconf 88' lang='lat' dir='ltr'><strong>vitium</strong></span> <span class='ocrx_word' id='word_1_384' title='bbox 1810 2845 2048 2894; x_wconf 63' lang='lat' dir='ltr'><strong>tolieretun</strong></span> <span class='ocrx_word' id='word_1_385' title='bbox 2088 2844 2203 2886; x_wconf 80' lang='lat' dir='ltr'><strong>velut</strong></span> <span class='ocrx_word' id='word_1_386' title='bbox 2233 2841 2378 2898; x_wconf 81' lang='grc' dir='ltr'>αἶγλαι·</span> <span class='ocrx_word' id='word_1_387' title='bbox 2420 2837 2525 2901; x_wconf 77' lang='grc' dir='ltr'>ὅμμα</span> 
     </span>
     <span class='ocr_line' id='line_1_37' title="bbox 435 2912 2524 2976; baseline -0.001 -12"><span class='ocrx_word' id='word_1_388' title='bbox 435 2923 486 2964; x_wconf 85' lang='lat' dir='ltr'><strong>ci.</strong></span> <span class='ocrx_word' id='word_1_389' title='bbox 508 2920 729 2972; x_wconf 78' lang='lat' dir='ltr'><strong>Matthiae,</strong></span> <span class='ocrx_word' id='word_1_390' title='bbox 769 2918 906 2974; x_wconf 77' lang='grc' dir='ltr'>αὐγαί·</span> <span class='ocrx_word' id='word_1_391' title='bbox 946 2915 1050 2976; x_wconf 71' lang='grc' dir='ltr'>ὄμμα</span> <span class='ocrx_word' id='word_1_392' title='bbox 1084 2921 1347 2975; x_wconf 66' lang='lat' dir='ltr'><strong>Wagnerm,</strong></span> <span class='ocrx_word' id='word_1_393' title='bbox 1385 2916 1525 2974; x_wconf 78' lang='grc' dir='ltr'>α’γλαόν</span> <span class='ocrx_word' id='word_1_394' title='bbox 1556 2912 1660 2974; x_wconf 68' lang='grc' dir='ltr'>ὄμμα</span> <span class='ocrx_word' id='word_1_395' title='bbox 1689 2919 1756 2961; x_wconf 87' lang='lat' dir='ltr'><strong>vel</strong></span> <span class='ocrx_word' id='word_1_396' title='bbox 1785 2919 1950 2975; x_wconf 70' lang='grc' dir='ltr'>Ἀγλαΐα</span> <span class='ocrx_word' id='word_1_397' title='bbox 1976 2913 2089 2976; x_wconf 68' lang='grc' dir='ltr'>ὄνομα</span> <span class='ocrx_word' id='word_1_398' title='bbox 2118 2920 2220 2975; x_wconf 75' lang='lat' dir='ltr'><strong>Eug.</strong></span> <span class='ocrx_word' id='word_1_399' title='bbox 2242 2918 2450 2961; x_wconf 71' lang='lat' dir='ltr'><strong>Mehierus</strong></span> <span class='ocrx_word' id='word_1_400' title='bbox 2478 2920 2524 2961; x_wconf 84' lang='lat' dir='ltr'><strong>in</strong></span> 
     </span>
     <span class='ocr_line' id='line_1_38' title="bbox 432 2992 2524 3051; baseline -0.001 -12"><span class='ocrx_word' id='word_1_401' title='bbox 432 2996 642 3039; x_wconf 80' lang='lat' dir='ltr'><strong>Mnemos.</strong></span> <span class='ocrx_word' id='word_1_402' title='bbox 663 2994 782 3038; x_wconf 63' lang='lat' dir='ltr'><strong>vom</strong></span> <span class='ocrx_word' id='word_1_403' title='bbox 809 2993 933 3051; x_wconf 76' lang='lat' dir='ltr'><strong>p.46.</strong></span> <span class='ocrx_word' id='word_1_404' title='bbox 985 2995 1177 3051; x_wconf 84' lang='lat' dir='ltr'><strong>Quarum</strong></span> <span class='ocrx_word' id='word_1_405' title='bbox 1200 2997 1489 3051; x_wconf 82' lang='lat' dir='ltr'><strong>suspicionum</strong></span> <span class='ocrx_word' id='word_1_406' title='bbox 1517 2993 1631 3036; x_wconf 80' lang='lat' dir='ltr'><strong>nulia</strong></span> <span class='ocrx_word' id='word_1_407' title='bbox 1663 3002 1723 3036; x_wconf 91' lang='lat' dir='ltr'><strong>est</strong></span> <span class='ocrx_word' id='word_1_408' title='bbox 1755 2994 2007 3051; x_wconf 78' lang='lat' dir='ltr'><strong>probabilis:</strong></span> <span class='ocrx_word' id='word_1_409' title='bbox 2040 2994 2136 3035; x_wconf 87' lang='lat' dir='ltr'><strong>mihi</strong></span> <span class='ocrx_word' id='word_1_410' title='bbox 2169 3000 2324 3035; x_wconf 82' lang='lat' dir='ltr'><strong>certum</strong></span> <span class='ocrx_word' id='word_1_411' title='bbox 2357 2992 2524 3036; x_wconf 85' lang='lat' dir='ltr'><strong>videtur</strong></span> 
     </span>
     <span class='ocr_line' id='line_1_39' title="bbox 434 3067 2522 3127; baseline -0.001 -13"><span class='ocrx_word' id='word_1_412' title='bbox 434 3068 727 3127; x_wconf 80' lang='lat' dir='ltr'><strong>corrigendum</strong></span> <span class='ocrx_word' id='word_1_413' title='bbox 750 3085 842 3113; x_wconf 85' lang='lat' dir='ltr'><strong>esse</strong></span> <span class='ocrx_word' id='word_1_414' title='bbox 873 3068 1140 3126; x_wconf 82' lang='grc' dir='ltr'>οἶγλοίισμα,</span> <span class='ocrx_word' id='word_1_415' title='bbox 1174 3085 1259 3127; x_wconf 92' lang='lat' dir='ltr'><strong>quo</strong></span> <span class='ocrx_word' id='word_1_416' title='bbox 1283 3068 1497 3113; x_wconf 75' lang='lat' dir='ltr'><strong>vocabulo</strong></span> <span class='ocrx_word' id='word_1_417' title='bbox 1519 3072 1686 3126; x_wconf 85' lang='lat' dir='ltr'><strong>saepius</strong></span> <span class='ocrx_word' id='word_1_418' title='bbox 1709 3072 1837 3112; x_wconf 80' lang='lat' dir='ltr'><strong>utitur</strong></span> <span class='ocrx_word' id='word_1_419' title='bbox 1859 3068 2094 3127; x_wconf 86' lang='lat' dir='ltr'><strong>Euripides.</strong></span> <span class='ocrx_word' id='word_1_420' title='bbox 2135 3067 2522 3125; x_wconf 84' lang='lat' dir='ltr'><strong>Interpretatiouem</strong></span> 
     </span>
     <span class='ocr_line' id='line_1_40' title="bbox 435 3136 2520 3203; baseline -0.001 -15"><span class='ocrx_word' id='word_1_421' title='bbox 435 3149 627 3188; x_wconf 84' lang='lat' dir='ltr'><strong>omissam</strong></span> <span class='ocrx_word' id='word_1_422' title='bbox 653 3160 705 3186; x_wconf 89' lang='lat' dir='ltr'><strong>ne</strong></span> <span class='ocrx_word' id='word_1_423' title='bbox 725 3149 885 3196; x_wconf 88' lang='lat' dir='ltr'><strong>mirere,</strong></span> <span class='ocrx_word' id='word_1_424' title='bbox 918 3144 968 3187; x_wconf 82' lang='lat' dir='ltr'><strong>cf.</strong></span> <span class='ocrx_word' id='word_1_425' title='bbox 990 3144 1176 3187; x_wconf 87' lang='lat' dir='ltr'><strong>eiusdem</strong></span> <span class='ocrx_word' id='word_1_426' title='bbox 1208 3145 1328 3187; x_wconf 86' lang='lat' dir='ltr'><strong>lexici</strong></span> <span class='ocrx_word' id='word_1_427' title='bbox 1360 3146 1599 3203; x_wconf 75' lang='lat' dir='ltr'><strong>p.328‚31:</strong></span> <span class='ocrx_word' id='word_1_428' title='bbox 1633 3141 1832 3200; x_wconf 77' lang='grc' dir='ltr'>οἷγλαΐοαι·</span> <span class='ocrx_word' id='word_1_429' title='bbox 1863 3137 1975 3196; x_wconf 68' lang='grc' dir='ltr'>οὕτως</span> <span class='ocrx_word' id='word_1_430' title='bbox 2003 3136 2180 3196; x_wconf 78' lang='grc' dir='ltr'>Εὔπολις.</span> <span class='ocrx_word' id='word_1_431' title='bbox 2212 3151 2251 3186; x_wconf 84' lang='lat' dir='ltr'><strong>et</strong></span> <span class='ocrx_word' id='word_1_432' title='bbox 2274 3144 2425 3200; x_wconf 67' lang='lat' dir='ltr'><strong>p.562,</strong></span> <span class='ocrx_word' id='word_1_433' title='bbox 2443 3145 2520 3187; x_wconf 84' lang='lat'><strong>29:</strong></span> 
     </span>
    </p>
   </div>
   <div class='ocr_carea' id='block_1_3' title="bbox 435 3219 1012 3278">
    <p class='ocr_par' dir='ltr' id='par_1_3' title="bbox 435 3219 1012 3278">
     <span class='ocr_line' id='line_1_41' title="bbox 435 3219 1012 3278; baseline -0.005 -14"><span class='ocrx_word' id='word_1_434' title='bbox 435 3222 724 3278; x_wconf 81' lang='grc' dir='ltr'>αἱμασιολογεῖν.</span> <span class='ocrx_word' id='word_1_435' title='bbox 772 3219 1012 3277; x_wconf 79' lang='grc' dir='ltr'>Θεόπομπος.</span> 
     </span>
    </p>
   </div>
  </div>
 </body>
</html>
