2950 3825
1005 163 1175 214 Cnvr
1198 164 1265 214 Π.
1335 163 1414 230 DE
1441 163 1699 215 Sornocmz
2334 164 2398 213 23

303 298 524 358 Bergidae,
556 292 607 344 ae
635 300 810 347 sortasse
842 297 878 346 ἔν
904 316 983 344 τισι
1012 313 1060 344 ex
1090 299 1126 345 ἐν
1152 301 1279 357 Τηρεῖ
1299 310 1543 360 corruptum
1570 309 1645 348 est.
1695 301 1970 360 Antistrophe
2001 300 2184 346 debetur
2205 301 2393 347 Stobaeo

304 375 419 421 Flor-
430 376 499 429 98,
518 374 584 420 46.
624 378 737 422 Vs.22
757 373 958 433 icas-«imos
990 367 1092 428 ὅστις
1121 374 1230 428 libri,
1261 375 1447 434 ἰσαμέριός
1475 395 1529 431 τις
1545 376 1764 436 Bergkius.
1786 401 1833 409 -
1861 376 2073 433 Quoniam
2095 376 2150 420 de
2171 378 2394 434 strophicis

305 450 555 495 carminibus
586 451 776 510 disputo,
816 449 972 494 addere
1002 450 1085 495 hoc
1113 450 1250 505 lubet,
1289 452 1609 510 coniungendos
1646 452 1779 496 videri
1810 452 2064 509 Euripideae
2097 451 2395 495 Andromedae

303 525 425 606 locos
452 529 495 571 in
525 524 1070 572 SchoLAr.Thesm.1018
1103 533 1145 570 et
1173 528 1217 570 in
1246 526 1368 571 Stob.
1382 528 1497 571 Flor
1510 529 1581 580 98,
1601 526 1655 570 46
1687 535 1889 580 servatos,
1919 526 2031 570 hunc
2060 530 2103 571 in
2132 526 2326 571 modum·

899 602 1105 657 προσαυδω
1131 599 1174 645 σὲ
1204 598 1272 646 τοίν
1290 595 1388 645 ἐν’
1360 618 1523 657 αντροις,
1643 605 1763 644 ΣΤΡ.

898 674 1121 721 απόπαυσον
1151 674 1261 720 ἔασον
1285 675 1355 720 'A-

897 753 974 805 χοῖ
996 770 1042 809 με
1068 748 1134 795 <niv
1161 750 1336 806 φίλαισιν

895 827 988 883 γόου
1018 823 1142 872 πόθον
1161 827 1316 878 λαβεῖν.

897 900 1142 959 συνάλγησον,
1175 899 1223 955 ὥς
1254 899 1275 946 ὁ
1303 899 1446 959 κάμνων
1649 905 1770 945 ΑΝΤ.

897 976 1063 1033 δακρύων
1095 975 1277 1035 paradoxis·
1310 975 1392 1031 ἔχει

897 1051 1117 1110 κουφότητα
1142 1049 1312 1110 μόχθων

302 1205 414 1247 vm
450 1206 751 1259 προσαιδουσσαι
785 1200 853 1256 τοὶς
891 1203 1052 1257 Schol.,
1095 1199 1187 1258 πρὸς
1220 1202 1357 1254 Αἰδοῦς
1395 1201 1438 1246 σὲ
1476 1200 1543 1246 τοῖν
1583 1203 1821 1257 Seidlerus,
1860 1208 2067 1260 προσαυδῶ
2102 1205 2145 1248 σὲ
2183 1203 2247 1248 τάν
2279 1207 2386 1250 Her-

283 1287 486 1334 mannus.
546 1280 662 1323 Vs.3
694 1277 826 1334 φίλαις
856 1278 1013 1330 δάιοι,
1044 1276 1215 1332 φίλαισιν
1242 1280 1403 1335 scripsi.

444 1357 860 1397 ΤΡιΠΤοΛΕΜοΣ.
921 1353 1060 1396 schot
1077 1352 1517 1410 Soph.0ed.c.5o4=
1547 1347 1722 1409 χρῆσται
1747 1352 1787 1410 μ’
1805 1355 1992 1414 ἐφευρεῖν]
2022 1355 2137 1411 χρείη
2168 1355 2267 1413 (leg.
2284 1352 2386 1410 χρὴ)

299 1426 404 1471 ἔσται
428 1426 528 1471 κατοὶ
554 1425 760 1483 συναλιφὴν
790 1422 973 1483 χρῆσται.
1030 1427 1244 1482 (Delenda
1278 1435 1377 1470 sunt
1415 1442 1527 1484 quae
1569 1436 1825 1484 sequuntur,
1864 1426 1945 1471 ἀντὶ
1984 1432 2051 1473 τοῦ
2088 1427 2203 1485 χρείη
2247 1427 2387 1484 ἔσται.)

276 1506 479 1562 ,δηλοῦται
509 1503 552 1547 δὲ
579 1501 713 1546 ταυτὸν
742 1500 787 1545 τὸ
818 1506 892 1560 (τῷ
919 1510 1034 1546 recte
1066 1502 1132 1546 ed.
1152 1504 1292 1557 Rom.)
1326 1500 1471 1559 δεήσει.
1504 1499 1570 1545 καὶ
1598 1503 1634 1546 ἐν
1661 1503 1914 1562 Τριπτολέμῳ

1017 1572 1190 1635 χρῆσται
1217 1577 1263 1620 δέ
1300 1576 1335 1620 ct’
1354 1576 1493 1623 {vs-ev&
1518 1570 1642 1630 ch’tg.

215 1651 218 1653 ’
296 1656 428 1698 Recte
458 1653 764 1712 grammaticus:
803 1667 946 1695 verum
975 1660 1114 1695 tamen
1143 1667 1231 1695 non
1259 1646 1431 1709 χρῆσται
1460 1652 1732 1696 scribendum
1763 1662 1836 1707 est,
1867 1654 1943 1697 sed
1971 1656 2155 1712 χρῆσται.
2206 1656 2274 1699 De
2304 1655 2384 1698 hac

298 1738 338 1772 et
378 1731 563 1788 cognatis
604 1728 750 1770 formis
789 1730 967 1784 permira
1005 1735 1145 1778 extant
1181 1729 1542 1785 grammaticorum
1583 1736 1827 1770 commenta.
1889 1730 2082 1772 Formam
2119 1729 2221 1786 χρή,
2263 1729 2383 1787 quod

292 1818 496 1865 praesens
527 1802 656 1860 vulgo
686 1802 848 1855 dicitur,
879 1803 965 1861 χρῇ
992 1800 1260 1844 scribendum
1290 1797 1426 1844 fuisse
1451 1800 1552 1843 dicit
1582 1801 1860 1846 Buttmannus
1891 1804 2115 1861 SprachL2
2136 1806 2286 1862 p.329,
2317 1820 2382 1848 se-

297 1886 418 1920 cutus
448 1877 709 1920 Eustathium
730 1877 776 1919 ΙΙ.
807 1877 1048 1933 p.751‚58,
1088 1878 1163 1933 qui
1199 1879 1284 1936 χρῇ
1317 1878 1589 1918 vaticinatur
1621 1892 1645 1918 a
1680 1875 1772 1934 χρή
1803 1894 1908 1937 opus
1940 1889 2004 1921 est
2040 1878 2380 1937 distinguendum

295 1952 425 1995 fuisse
454 1959 584 2008 putat.
644 1951 896 2012 Imperfeczi
924 1950 1125 1994 habemus
1155 1952 1310 1994 formas
1335 1951 1437 2007 χρῆν
1458 1957 1500 1993 et
1520 1950 1650 2007 ἐχρῆν.
1712 1952 1957 1996 Breviorem
1989 1953 2165 1997 formam
2197 1957 2270 2011 qui
2301 1953 2384 1997 κατ’

296 2025 491 2082 ἀφαίρεσιν
518 2031 584 2069 τοῦ
605 2019 645 2069 ΕΙ
668 2018 829 2069 factam‘
848 2016 940 2069 esse
971 2025 1130 2078 dicunt,
1170 2040 1257 2068 rem
1288 2040 1424 2082 aeque
1454 2025 1745 2070 incredibilem
1775 2036 1946 2071 narrant
1976 2036 2103 2086 atque
2136 2029 2381 2073 Heraclides

293 2102 497 2145 Eustathii
528 2100 614 2144 Od.
645 2100 910 2158 ρ.1647,17,
942 2099 1015 2157 qui
1045 2102 1145 2156 χρῆν
1177 2108 1217 2143 et
1247 2100 1366 2156 ἐχρῆν
1402 2099 1633 2144 infinitivus
1674 2116 1767 2144 esse
1803 2102 1895 2145 vult
1934 2103 2055 2146 verbi
2092 2100 2225 2159 χροίω,
2262 2105 2378 2147 illum

293 2176 528 2234 legitimum,
560 2176 674 2218 hune
703 2175 891 2232 praefixo
921 2178 956 2217 E
985 2182 1166 2217 auctum.
1226 2177 1437 2217 Futurum
1467 2177 1641 2230 χρῆσται
1671 2189 1695 2218 e
1723 2174 1914 2231 χρήσεται
1944 2186 2205 2220 contractum
2238 2181 2381 2221 statuit

293 2253 576 2304 Hermannus,
619 2252 688 2292 cui
718 2249 933 2306 suffragari
963 2249 1134 2291 videtur
1162 2238 1406 2291 Lobeckius
1437 2249 1600 2292 Pathol.
1614 2248 1745 2292 Elem.
1772 2251 1891 2293 voL1
1922 2267 1962 2308 p.
1976 2252 2074 2299 275.
2138 2253 2379 2310 opiniones

281 2329 398 2369 >istae
420 2314 467 2367 'et
498 2327 759 2382 suspiciones
791 2327 1000 2366 communi
1030 2323 1224 2366 laborant
1253 2325 1369 2375 vitio,
1400 2323 1520 2379 quod
1551 2324 1737 2381 singulas
1757 2326 1911 2367 formas
1934 2326 2144 2383 explicare
2163 2334 2378 2383 temptant,

292 2405 489 2459 cognatas
520 2400 727 2442 omittunt.
787 2398 874 2441 Res
907 2406 1044 2441 autem
1075 2401 1136 2441 sic
1167 2412 1213 2441 se
1242 2397 1379 2440 habet.
1435 2396 1753 2441 Substantivum
1784 2406 1847 2442 est
1876 2395 1978 2457 χρῆ,
2015 2400 2057 2443 id
2096 2400 2214 2458 quod
2252 2400 2379 2445 docet

293 2483 508 2524 accentus:
539 2475 622 2516 hoc
652 2476 687 2516 si
720 2474 932 2531 copularis
964 2488 1057 2515 cum
1088 2472 1222 2516 verbo
1254 2470 1354 2523 εἴναι,
1383 2473 1618 2530 prodibunt
1638 2473 1735 2516 illae
1755 2474 1927 2526 formae,
1959 2491 2069 2532 quae
2089 2480 2378 2533 grammaticos

292 2556 578 2592 exercuerunt.
637 2549 748 2606 Ergo
780 2550 1070 2590 coniunctivus
1109 2549 1194 2606 χρῇ
1223 2556 1341 2590 ortus
1373 2562 1396 2590 e
1425 2545 1509 2603 χρὴ
1541 2542 1587 2606 ᾖ,
1631 2547 1748 2604 χρείη
1778 2564 1800 2590 e
1828 2546 1911 2604 χρὴ
1950 2547 2027 2605 εἴη,
2067 2553 2207 2605 χρῆναι
2239 2566 2263 2593 e
2295 2550 2378 2608 χρὴ

292 2623 381 2668 εἶναι
408 2627 582 2677 (rectius
612 2626 737 2681 igitur
765 2626 905 2683 χρῇναι
935 2623 1097 2677 suerit),
1133 2620 1255 2679 χρεών
1288 2637 1312 2665 e
1342 2619 1425 2679 χρὴ
1453 2615 1490 2666 ὅν
1520 2626 1649 2678 (sicut
1679 2622 1864 2676 βασιλέως
1903 2623 2033 2666 habes
2073 2639 2151 2682 pro
2192 2629 2379 2684 βασιλῆος

292 2698 467 2751 dictum,
506 2693 587 2751 νεώς
621 2713 700 2756 pro
738 2695 856 2754 νηός),
898 2696 1187 2755 imperfectum
1227 2700 1328 2754 χρῆν
1366 2712 1390 2740 e
1426 2694 1510 2755 χρὴ
1546 2690 1610 2755 ἦν,
1648 2698 1835 2741 futurum
1873 2701 2046 2755 χρῆσται
2087 2714 2110 2742 e
2142 2698 2226 2758 χρὴ
2259 2698 2377 2747 ἔσται.

290 2776 431 2831 Atque
459 2776 528 2825 ita,
559 2773 676 2833 quod
699 2774 905 2816 Henricus
926 2771 1072 2815 Iacobi
1101 2772 1201 2815 mihi
1231 2771 1439 2824 indicavit,
1472 2775 1550 2815 iam
1566 2772 1796 2815 Abreusius
1813 2772 1982 2817 Griech.
1999 2775 2207 2818 Formenl.
2228 2778 2376 2833 p.245.

292 2848 342 2892 cf.
364 2863 404 2904 p.
425 2846 519 2891 124.
578 2849 849 2906 Imperativus
879 2846 1050 2890 formari
1079 2854 1221 2904 potest
1246 2842 1429 2904 χρῆστω,
1470 2861 1546 2890 cur
1578 2860 1667 2890 nou
1705 2854 1812 2891 extet
1850 2851 1987 2905 quivis
2022 2848 2148 2892 videt.
2212 2852 2376 2896 Vitiose

288 2923 511 2966 formatum
543 2929 607 2965 est
636 2923 763 2978 ἐχρῆν,
795 2924 927 2964 rarius
957 2920 1061 2964 illud
1092 2920 1261 2977 quidem
1282 2920 1396 2979 apud
1418 2922 1594 2974 Atticos,
1623 2920 1700 2964 sed
1733 2924 1985 2979 optimorum
2017 2925 2273 2981 scriptorum
2297 2941 2377 2970 usu

290 2995 532 3057 probatum:
572 2997 764 3040 nimirum
802 2998 890 3053 ipsa
924 2995 1186 3039 Graecorum
1225 3008 1326 3053 gens
1359 2996 1557 3052 originem
1589 2994 1749 3038 formae
1778 2995 1910 3038 oblita
1944 3004 2005 3039 est
2037 3005 2079 3040 et
2110 3008 2374 3057 augmentum

289 3073 396 3116 falso
426 3070 634 3129 praefixit,
677 3078 724 3114 ut
761 3073 803 3114 in
840 3067 1040 3126 ἐκαθήμην
1076 3076 1117 3112 et
1156 3069 1247 3113 aliis
1285 3069 1440 3113 formis.
1502 3070 1604 3113 Item
1645 3069 1860 3128 analogiae
1900 3080 2105 3130 repugnat
2144 3073 2376 3119 infinitivus

288 3150 402 3205 χρῆν,
435 3148 551 3190 cuius
582 3145 741 3190 formae
771 3144 879 3190 fides
909 3159 995 3188 uno
1025 3146 1170 3189 nititur
1199 3143 1298 3189 loco
1330 3145 1431 3189 Eur.
1447 3144 1552 3189 Hec.
1570 3146 1676 3189 260:

826 3218 966 3276 πότερα
994 3215 1039 3263 τὸ
1069 3222 1169 3277 χρῆν
1198 3218 1267 3276 σφ’
1287 3218 1443 3278 ἐπήγαγ’
1460 3217 1818 3277 α’νθρωποσφαγεῒνς
